<!DOCTYPE html>
<!-- saved from url=(0087)https://www.dia.es/charcuteria-y-quesos/jamon-cocido-lacon-fiambres-y-mortadela/c/L2001 -->
<html lang="es"><head><meta http-equiv="Content-Type" content="text/html; charset=UTF-8">
        <link rel="stylesheet" type="text/css" href="./dia_main_files/style.css">
        <link rel="preload" href="https://www.dia.es/plp-front/assets/1-24-0/roboto-medium-webfont.woff2" as="font" type="font/woff2" crossorigin="">
        <link rel="preload" href="https://www.dia.es/plp-front/assets/1-24-0/roboto-medium-webfont.woff" as="font" type="font/woff" crossorigin="">
        <link rel="preload" href="https://www.dia.es/plp-front/assets/1-24-0/Roboto-Medium.ttf" as="font" type="font/ttf" crossorigin="">
        <link rel="preload" href="https://www.dia.es/plp-front/assets/1-24-0/roboto-bold-webfont.woff2" as="font" type="font/woff2" crossorigin="">
        <link rel="preload" href="https://www.dia.es/plp-front/assets/1-24-0/roboto-bold-webfont.woff" as="font" type="font/woff" crossorigin="">
        <link rel="preload" href="https://www.dia.es/plp-front/assets/1-24-0/Roboto-Bold.ttf" as="font" type="font/ttf" crossorigin="">
        <link rel="preload" href="https://www.dia.es/plp-front/assets/1-24-0/Roboto-Black.ttf" as="font" type="font/ttf" crossorigin="">
        <link rel="preload" href="https://www.dia.es/plp-front/assets/1-24-0/roboto-regular-webfont.woff2" as="font" type="font/woff2" crossorigin="">
        <link rel="preload" href="https://www.dia.es/plp-front/assets/1-24-0/roboto-regular-webfont.woff" as="font" type="font/woff" crossorigin="">
        <link rel="preload" href="https://www.dia.es/plp-front/assets/1-24-0/Roboto-Regular.ttf" as="font" type="font/ttf" crossorigin="">
        <link rel="preload" href="https://www.dia.es/plp-front/assets/1-24-0/montserrat-medium.ttf" as="font" type="font/ttf" crossorigin="">
        <link rel="preload" href="https://www.dia.es/plp-front/assets/1-24-0/montserrat-semibold.ttf" as="font" type="font/ttf" crossorigin="">
        <link rel="preload" href="https://www.dia.es/plp-front/assets/1-24-0/diaIcomoon.ttf" as="font" type="font/ttf" crossorigin="">
        <link rel="preload" href="https://www.dia.es/plp-front/assets/1-24-0/diaIcomoon.woff" as="font" type="font/woff" crossorigin="">
        
        <!-- El aviso de consentimiento de cookies de OneTrust comienza para dev.dia.es. -->
        
        <script type="text/javascript" async="" src="./dia_main_files/js"></script><script async="" src="./dia_main_files/gtm.js"></script><script defer="" src="./dia_main_files/otSDKStub.js" data-document-language="true" type="text/javascript" charset="UTF-8" data-domain-script="5a716931-44b0-415f-9bf7-3a94d961c123"></script>
        <script defer="" type="text/javascript">
        function OptanonWrapper() { }
        </script>
        <meta name="robots" content="index, follow">
        <link rel="canonical" href="https://www.dia.es/charcuteria-y-quesos/jamon-cocido-lacon-fiambres-y-mortadela/c/L2001">
        <link rel="stylesheet" type="text/css" href="./dia_main_files/style.css">
        <link rel="icon" href="https://www.dia.es/plp-front/assets/images/logo-dia.svg" as="icon">
        <meta name="viewport" content="width=device-width, initial-scale=1.0">
        <meta name="keywords" content="">
        <meta name="description" content="Compra online en la sección de Jamón cocido, lacón, fiambres y mortadela y disfruta de todas nuestras ofertas en dia.es">
        <title>Comprar Jamón cocido, lacón, fiambres y mortadela - Supermercados DIA</title>
      
<script>(window.BOOMR_mq=window.BOOMR_mq||[]).push(["addVar",{"rua.upush":"true","rua.cpush":"false","rua.upre":"true","rua.cpre":"false","rua.uprl":"false","rua.cprl":"false","rua.cprf":"false","rua.trans":"SJ-770d05b8-a88e-4313-98cb-732e4f6cf80a","rua.cook":"true","rua.ims":"false","rua.ufprl":"true","rua.cfprl":"true","rua.isuxp":"false","rua.texp":"norulematch"}]);</script>
                              <script>!function(e){var n="https://s.go-mpulse.net/boomerang/";if("False"=="True")e.BOOMR_config=e.BOOMR_config||{},e.BOOMR_config.PageParams=e.BOOMR_config.PageParams||{},e.BOOMR_config.PageParams.pci=!0,n="https://s2.go-mpulse.net/boomerang/";if(window.BOOMR_API_key="KBNBM-CLU64-6QM35-AYNSF-TJWYH",function(){function e(){if(!o){var e=document.createElement("script");e.id="boomr-scr-as",e.src=window.BOOMR.url,e.async=!0,i.parentNode.appendChild(e),o=!0}}function t(e){o=!0;var n,t,a,r,d=document,O=window;if(window.BOOMR.snippetMethod=e?"if":"i",t=function(e,n){var t=d.createElement("script");t.id=n||"boomr-if-as",t.src=window.BOOMR.url,BOOMR_lstart=(new Date).getTime(),e=e||d.body,e.appendChild(t)},!window.addEventListener&&window.attachEvent&&navigator.userAgent.match(/MSIE [67]\./))return window.BOOMR.snippetMethod="s",void t(i.parentNode,"boomr-async");a=document.createElement("IFRAME"),a.src="about:blank",a.title="",a.role="presentation",a.loading="eager",r=(a.frameElement||a).style,r.width=0,r.height=0,r.border=0,r.display="none",i.parentNode.appendChild(a);try{O=a.contentWindow,d=O.document.open()}catch(_){n=document.domain,a.src="javascript:var d=document.open();d.domain='"+n+"';void(0);",O=a.contentWindow,d=O.document.open()}if(n)d._boomrl=function(){this.domain=n,t()},d.write("<bo"+"dy onload='document._boomrl();'>");else if(O._boomrl=function(){t()},O.addEventListener)O.addEventListener("load",O._boomrl,!1);else if(O.attachEvent)O.attachEvent("onload",O._boomrl);d.close()}function a(e){window.BOOMR_onload=e&&e.timeStamp||(new Date).getTime()}if(!window.BOOMR||!window.BOOMR.version&&!window.BOOMR.snippetExecuted){window.BOOMR=window.BOOMR||{},window.BOOMR.snippetStart=(new Date).getTime(),window.BOOMR.snippetExecuted=!0,window.BOOMR.snippetVersion=12,window.BOOMR.url=n+"KBNBM-CLU64-6QM35-AYNSF-TJWYH";var i=document.currentScript||document.getElementsByTagName("script")[0],o=!1,r=document.createElement("link");if(r.relList&&"function"==typeof r.relList.supports&&r.relList.supports("preload")&&"as"in r)window.BOOMR.snippetMethod="p",r.href=window.BOOMR.url,r.rel="preload",r.as="script",r.addEventListener("load",e),r.addEventListener("error",function(){t(!0)}),setTimeout(function(){if(!o)t(!0)},3e3),BOOMR_lstart=(new Date).getTime(),i.parentNode.appendChild(r);else t(!1);if(window.addEventListener)window.addEventListener("load",a,!1);else if(window.attachEvent)window.attachEvent("onload",a)}}(),"".length>0)if(e&&"performance"in e&&e.performance&&"function"==typeof e.performance.setResourceTimingBufferSize)e.performance.setResourceTimingBufferSize();!function(){if(BOOMR=e.BOOMR||{},BOOMR.plugins=BOOMR.plugins||{},!BOOMR.plugins.AK){var n="true"=="true"?1:0,t="cookiepresent",a="lkqm6vaxeghtgzocr7fq-f-3fe6dda18-clientnsv4-s.akamaihd.net",i="false"=="true"?2:1,o={"ak.v":"36","ak.cp":"1336848","ak.ai":parseInt("804692",10),"ak.ol":"0","ak.cr":46,"ak.ipv":4,"ak.proto":"h2","ak.rid":"1bcc8e51","ak.r":47441,"ak.a2":n,"ak.m":"dscr","ak.n":"ff","ak.bpcip":"90.160.207.0","ak.cport":43705,"ak.gh":"23.33.143.47","ak.quicv":"","ak.tlsv":"tls1.3","ak.0rtt":"","ak.csrc":"-","ak.acc":"","ak.t":"1707249611","ak.ak":"hOBiQwZUYzCg5VSAfCLimQ==6crQhsdZFwHtUBKQtkIkBR5Usr4OfsqyyDKl2udCg7l+5USYzcFkmHotl6UeczBySjC2yZLTlaTd30P8q/W/vENFtbUcDFAWdE0eSQ975ivDg7cSsnT6YDO64xhKyvdJcGCeBtHKjXcFVdFDA/CP6iFKXUwHurJgjfHZpvZiZ/GQJRni8YtMTT+iVoEubq8AhcHzlpFgZfRI4l4RMnzwy4iyIhKRfx0ZjGsR/mgtJRZBzC8KOy7gthj393Sv2MWJgQsLXKLP6tHk7hN4Z5FEUMC81ZDZwKEYQYz1Nx+SnfAUkSmNweXb2kjmzKM90Mf8JxYPMTveXucJXzqZoO8CPbGOmKmD1gSRdTQp7zVsFXL3EGT3LIy/zGGXoYDLCK5BCO9/5AJIKqRPmeum5W//sOZbJM9GXoa6AEXitUfbD6s=","ak.pv":"55","ak.dpoabenc":"","ak.tf":i};if(""!==t)o["ak.ruds"]=t;var r={i:!1,av:function(n){var t="http.initiator";if(n&&(!n[t]||"spa_hard"===n[t]))o["ak.feo"]=void 0!==e.aFeoApplied?1:0,BOOMR.addVar(o)},rv:function(){var e=["ak.bpcip","ak.cport","ak.cr","ak.csrc","ak.gh","ak.ipv","ak.m","ak.n","ak.ol","ak.proto","ak.quicv","ak.tlsv","ak.0rtt","ak.r","ak.acc","ak.t","ak.tf"];BOOMR.removeVar(e)}};BOOMR.plugins.AK={akVars:o,akDNSPreFetchDomain:a,init:function(){if(!r.i){var e=BOOMR.subscribe;e("before_beacon",r.av,null,null),e("onbeacon",r.rv,null,null),r.i=!0}return this},is_complete:function(){return!0}}}}()}(window);</script><link href="./dia_main_files/KBNBM-CLU64-6QM35-AYNSF-TJWYH" rel="preload" as="script"><script id="boomr-scr-as" src="./dia_main_files/KBNBM-CLU64-6QM35-AYNSF-TJWYH" async=""></script><script src="./dia_main_files/otBannerSdk.js" async="" type="text/javascript"></script><style>.ib-serp {
  display: flex;
  align-items: center;
  height: 22px;
  position: relative;
  line-height: 22px;
  border-radius: 5px;
  border-collapse: initial;
  text-decoration: none !important;
  background-size: contain;
  background-position: 5px center;
  background-repeat: no-repeat;
  cursor: pointer;
}
.ib-serp b span {
  color: inherit !important;
  font-weight: bold !important;
}
.ib-serp__link {
  text-decoration: underline;
}
.ib-serp__link /deep/ span {
  color: inherit !important;
  font-weight: bold !important;
}
.ib-serp__logo {
  display: inline-block;
  width: 22px;
  height: 22px;
  background-size: contain;
  background-position: 5px center;
  background-repeat: no-repeat;
  background-position: center;
  border-radius: 2px;
}
.ib-serp__text {
  display: inline-block;
  font-family: 'Roboto', Helvetica, sans-serif;
  font-size: 16px;
  font-weight: bold;
  margin-left: 10px;
}
</style><style>@font-face {
  font-family: 'Roboto';
  src: url(data:font/ttf;base64,AAEAAAASAQAABAAgR0RFRrRCsIIAAidIAAACYkdQT1P/GhLXAAIprAAAXcxHU1VC64LkWQACh3gAABWQT1MvMpeCsagAAglsAAAAYGNtYXABd1geAAIO5AAAEkZjdnQgK6gHnQACJDQAAABUZnBnbXf4YKsAAiEsAAABvGdhc3AACAATAAInPAAAAAxnbHlmJroL9AAAASwAAelsaGRteFV6YHoAAgnMAAAFGGhlYWT8atJ6AAH02AAAADZoaGVhCroKrgACCUgAAAAkaG10eK5yj5cAAfUQAAAUOGxvY2GAd/+7AAHquAAACh5tYXhwBz4DCQAB6pgAAAAgbmFtZTYhYdYAAiSIAAACknBvc3T/bQBkAAInHAAAACBwcmVwomb6yQACIugAAAFJAAUAZAAAAygFsAADAAYACQAMAA8AcbIMEBEREjmwDBCwANCwDBCwBtCwDBCwCdCwDBCwDdAAsABFWLACLxuxAh4+WbAARViwAC8bsQASPlmyBAIAERI5sgUCABESObIHAgAREjmyCAIAERI5sQoM9LIMAgAREjmyDQIAERI5sAIQsQ4M9DAxISERIQMRAQERAQMhATUBIQMo/TwCxDb+7v66AQzkAgP+/gEC/f0FsPqkBQf9fQJ3+xECeP1eAl6IAl4AAgCg//UBewWwAAMADAAwALAARViwAi8bsQIePlmwAEVYsAsvG7ELEj5ZsQYFsAorWCHYG/RZsgEGAhESOTAxASMDMwM0NjIWFAYiJgFbpw3CyTdsODhsNwGbBBX6rS09PVo7OwAAAgCIBBICIwYAAAQACQAZALADL7ICCgMREjmwAi+wB9CwAxCwCNAwMQEDIxMzBQMjEzMBFR5vAYwBDh5vAYwFeP6aAe6I/poB7gACAHcAAATTBbAAGwAfAJEAsABFWLAMLxuxDB4+WbAARViwEC8bsRAePlmwAEVYsAIvG7ECEj5ZsABFWLAaLxuxGhI+WbIdDAIREjl8sB0vGLEAA7AKK1gh2Bv0WbAE0LAdELAG0LAdELAL0LALL7EIA7AKK1gh2Bv0WbALELAO0LALELAS0LAIELAU0LAdELAW0LAAELAY0LAIELAe0DAxASEDIxMjNSETITUhEzMDIRMzAzMVIwMzFSMDIwMhEyEC/f74UI9Q7wEJRf7+AR1Sj1IBCFKQUsznReH7UJCeAQhF/vgBmv5mAZqJAWKLAaD+YAGg/mCL/p6J/mYCIwFiAAABAG7/MAQRBpwAKwBpALAARViwCS8bsQkePlmwAEVYsCIvG7EiEj5ZsgIiCRESObAJELAM0LAJELAQ0LAJELETAbAKK1gh2Bv0WbACELEZAbAKK1gh2Bv0WbAiELAf0LAiELAm0LAiELEpAbAKK1gh2Bv0WTAxATQmJyYmNTQ2NzUzFRYWFSM0JiMiBhUUFgQWFhUUBgcVIzUmJjUzFBYzMjYDWIGZ1cO/p5Wou7iGcnd+hQExq1HLt5S607mShoOWAXdcfjNB0aGk0hTb3BfszY2me25meWN3nmqpzhO/vxHnxouWfgAABQBp/+sFgwXFAA0AGgAmADQAOAB8ALAARViwAy8bsQMePlmwAEVYsCMvG7EjEj5ZsAMQsArQsAovsREEsAorWCHYG/RZsAMQsRgEsAorWCHYG/RZsCMQsB3QsB0vsCMQsSoEsAorWCHYG/RZsB0QsTEEsAorWCHYG/RZsjUjAxESObA1L7I3AyMREjmwNy8wMRM0NjMyFhUVFAYjIiY1FxQWMzI2NTU0JiIGFQE0NiAWFRUUBiAmNRcUFjMyNjU1NCYjIgYVBScBF2mng4Wlp4GCqopYSkdXVpRWAjunAQaop/78qopYSkhWV0lHWf4HaQLHaQSYg6qriEeEp6eLB05lYlVJTmZmUvzRg6moi0eDqaeLBk9lY1VKT2RjVPNCBHJCAAMAZf/sBPMFxAAeACcAMwCHALAARViwCS8bsQkePlmwAEVYsBwvG7EcEj5ZsABFWLAYLxuxGBI+WbIiHAkREjmyKgkcERI5sgMiKhESObIQKiIREjmyEQkcERI5shMcCRESObIZHAkREjmyFhEZERI5sBwQsR8BsAorWCHYG/RZsiEfERESObAJELExAbAKK1gh2Bv0WTAxEzQ2NyYmNTQ2MzIWFRQGBwcBNjUzFAcXIycGBiMiJAUyNwEHBhUUFgMUFzc2NjU0JiMiBmV1pWFCxKiWxFlvawFERKd70N5hSsdn1f7+AdeTev6dIaeZInZ2RDJkTFJgAYdpsHV2kEemvK+FWJVST/59gp//qPlzQkXiS3ABqRh7gnaOA+VgkFMwVz5DWW8AAQBnBCEA/QYAAAQAEACwAy+yAgUDERI5sAIvMDETAyMTM/0VgQGVBZH+kAHfAAEAhf4qApUGawARAAkAsA4vsAQvMDETNBISNxcGAgMHEBMWFwcmJwKFefCBJpK7CQGNVXUmhXnsAk/iAaABVEZ6cP40/uNV/n7+5KpgcUquAVQAAAEAJv4qAjcGawARAAkAsA4vsAQvMDEBFAICByc2EhM1NAICJzcWEhICN3XxhCeauwJYnWInhO93AkXf/mf+pklxdgHxAS8g0gFpAR5QcUn+qv5kAAEAHAJhA1UFsAAOACAAsABFWLAELxuxBB4+WbAA0BmwAC8YsAnQGbAJLxgwMQElNwUDMwMlFwUTBwMDJwFK/tIuAS4JmQoBKS7+zcZ8urR9A9dal3ABWP6jbphb/vFeASD+51sAAAEATgCSBDQEtgALABsAsAkvsADQsAkQsQYBsAorWCHYG/RZsAPQMDEBIRUhESMRITUhETMCngGW/mq6/moBlroDDa/+NAHMrwGpAAABAB3+3gE0ANsACAAYALAJL7EEBbAKK1gh2Bv0WbAA0LAALzAxEyc2NzUzFRQGhmleBLVj/t5Ig4unkWXKAAEAJQIfAg0CtgADABIAsAIvsQEBsAorWCHYG/RZMDEBITUhAg3+GAHoAh+XAAABAJD/9QF2ANEACQAcALAARViwBy8bsQcSPlmxAgWwCitYIdgb9FkwMTc0NjIWFRQGIiaQOXI7O3I5YTBAQDAuPj4AAAEAEv+DAxAFsAADABMAsAAvsABFWLACLxuxAh4+WTAxFyMBM7GfAmCefQYtAAACAHP/7AQKBcQADQAbADsAsABFWLAKLxuxCh4+WbAARViwAy8bsQMSPlmwChCxEQGwCitYIdgb9FmwAxCxGAGwCitYIdgb9FkwMQEQAiMiAgM1EBIzMhITJzQmIyIGBxEUFjMyNjcECt7s6eAE3u3r3gO5hI+OggKJi4mFAwJt/rv+xAE1ATP3AUEBOP7T/sYN69fW3v7Y7OHU5AABAKoAAALZBbcABgA6ALAARViwBS8bsQUePlmwAEVYsAAvG7EAEj5ZsgQABRESObAEL7EDAbAKK1gh2Bv0WbICAwUREjkwMSEjEQU1JTMC2br+iwISHQTRiajHAAEAXQAABDMFxAAXAE8AsABFWLAQLxuxEB4+WbAARViwAC8bsQASPlmxFwGwCitYIdgb9FmwAtCyAxAXERI5sBAQsQkBsAorWCHYG/RZsBAQsAzQshUXEBESOTAxISE1ATY2NTQmIyIGFSM0JDMyFhUUAQEhBDP8RgH4cFWKc4qZuQED2cvs/u7+egLbhQIwf59VcpKdjMn41bHX/tf+WQABAF7/7AP5BcQAJgB7ALAARViwDS8bsQ0ePlmwAEVYsBkvG7EZEj5ZsgANGRESObAAL7LPAAFdsp8AAXGyLwABXbJfAAFysA0QsQYBsAorWCHYG/RZsA0QsAnQsAAQsSYBsAorWCHYG/RZshMmABESObAZELAc0LAZELEfAbAKK1gh2Bv0WTAxATM2NjUQIyIGFSM0NjMyFhUUBgcWFhUUBCAkNTMUFjMyNjU0JicjAYaLg5b/eI+5/cPO6ntqeIP/AP5m/v+6ln6GjpyTiwMyAoZyAQCJca3l2sJfsiwmsH/E5t62c4qMg3+IAgAAAgA1AAAEUAWwAAoADgBKALAARViwCS8bsQkePlmwAEVYsAQvG7EEEj5ZsgEJBBESObABL7ECAbAKK1gh2Bv0WbAG0LABELAL0LIIBgsREjmyDQkEERI5MDEBMxUjESMRITUBMwEhEQcDhsrKuv1pAozF/YEBxRYB6Zf+rgFSbQPx/DkCyigAAAEAmv/sBC0FsAAdAGQAsABFWLABLxuxAR4+WbAARViwDS8bsQ0SPlmwARCxBAGwCitYIdgb9FmyBw0BERI5sAcvsRoBsAorWCHYG/RZsgUHGhESObANELAR0LANELEUAbAKK1gh2Bv0WbAHELAd0DAxExMhFSEDNjMyEhUUAiMiJiczFhYzMjY1NCYjIgcHzkoC6v2zLGuIx+rz2sH0Ea8RkHaBk5+EeUUxAtoC1qv+cz/++eDh/v3WvX1/sJuSsTUoAAACAIT/7AQcBbEAFAAhAFEAsABFWLAALxuxAB4+WbAARViwDS8bsQ0SPlmwABCxAQGwCitYIdgb9FmyBw0AERI5sAcvsRUBsAorWCHYG/RZsA0QsRwBsAorWCHYG/RZMDEBFSMGBAc2MzISFRQCIyIANTUQACUDIgYHFRQWMzI2NTQmA08i2P8AFHPHvuP1ztH+/AFXAVPSX6Afonl9j5EFsZ0E+OGE/vTU4f7yAUH9RwGSAakF/XByVkS03LiVlrkAAAEATQAABCUFsAAGADMAsABFWLAFLxuxBR4+WbAARViwAS8bsQESPlmwBRCxAwGwCitYIdgb9FmyAAMFERI5MDEBASMBITUhBCX9pcICWfzsA9gFSPq4BRiYAAMAcP/sBA4FxAAXACEAKwBkALAARViwFS8bsRUePlmwAEVYsAkvG7EJEj5ZsicJFRESObAnL7LPJwFdsRoBsAorWCHYG/RZsgMaJxESObIPJxoREjmwCRCxHwGwCitYIdgb9FmwFRCxIgGwCitYIdgb9FkwMQEUBgcWFhUUBiMiJjU0NjcmJjU0NjMyFgM0JiIGFBYzMjYBIgYVFBYyNjQmA+xzYnKF/9DS/YFyYXDswcDtl5v6l5ODgpT+6m2Hhd6FigQ0baowMbx3veDhvHa+MTCqbLjY2PyhepqY+I6PBBqHdG+Jid6MAAIAZP//A/gFxAAXACQAWwCwAEVYsAsvG7ELHj5ZsABFWLATLxuxExI+WbIDEwsREjmwAy+yAAMLERI5sBMQsRQBsAorWCHYG/RZsAMQsRgBsAorWCHYG/RZsAsQsR8BsAorWCHYG/RZMDEBBgYjIiYmNTQ2NjMyEhEVEAAFIzUzNjYlMjY3NTQmIyIGFRQWAz46oWB+u2ZvzIjY+f6w/q0kJ+X2/u5dnSSeeXqUjwKARVR84YiS6nz+vf7pNv5X/nkFnATn+nJUSrbku5mVwf//AIb/9QFtBEQAJgAS9gABBwAS//cDcwAQALAARViwDS8bsQ0aPlkwMf//ACn+3gFVBEQAJwAS/98DcwEGABAMAAAQALAARViwAy8bsQMaPlkwMQABAEgAwwN6BEoABgAWALAARViwBS8bsQUaPlmwAtCwAi8wMQEFFQE1ARUBCAJy/M4DMgKE/cQBe5IBesQAAAIAmAGPA9oDzwADAAcAJwCwBy+wA9CwAy+xAAGwCitYIdgb9FmwBxCxBAGwCitYIdgb9FkwMQEhNSERITUhA9r8vgNC/L4DQgMuof3AoAAAAQCGAMQD3ARLAAYAFgCwAEVYsAIvG7ECGj5ZsAXQsAUvMDEBATUBFQE1Axv9awNW/KoCigEDvv6Gkv6FwAACAEv/9QN2BcQAGAAhAFMAsABFWLAQLxuxEB4+WbAARViwIC8bsSASPlmxGwWwCitYIdgb9FmyABsQERI5sgQQABESObAQELEJAbAKK1gh2Bv0WbAQELAM0LIVABAREjkwMQE2Njc3NjU0JiMiBhUjNjYzMhYVFAcHBhUDNDYyFhQGIiYBZQIyTYNUbmlmfLkC47a906JtScE3bDg4bDcBmneKVIdfbWl3bFuix8uxr6psUZj+wy09PVo7OwAAAgBq/jsG1gWXADUAQgBsALAyL7AARViwCC8bsQgSPlmwA9CyDzIIERI5sA8vsgUIDxESObAIELE5ArAKK1gh2Bv0WbAV0LAyELEbArAKK1gh2Bv0WbAIELAq0LAqL7EjArAKK1gh2Bv0WbAPELFAArAKK1gh2Bv0WTAxAQYCIyInBgYjIiY3NhI2MzIWFwMGMzI2NxIAISIEAgcGEgQzMjY3FwYGIyIkAhMSEiQzMgQSAQYWMzI2NzcTJiMiBgbKDNi1uzU2i0qOkhMPeb9pUYBQNBOTcYwGE/65/rLJ/si0CwyQASfRWrU8JT7Nafr+mLMMDN4BfO/5AWSu+/IOUVg8byQBLjhAdZkB9vL+6KhVU+jNpQEDlCs//dbn4LQBhQGYx/6I9vj+k8EsI3MnMuEBpwEbARMBt+/g/lr+kI6YZl8JAfcd7gAAAgAcAAAFHQWwAAcACgBUsgoLDBESObAKELAE0ACwAEVYsAQvG7EEHj5ZsABFWLACLxuxAhI+WbAARViwBi8bsQYSPlmyCAQCERI5sAgvsQABsAorWCHYG/RZsgoEAhESOTAxASEDIwEzASMBIQMDzf2eicYCLKgCLcX9TQHv+AF8/oQFsPpQAhoCqQADAKkAAASIBbAADgAWAB8AWACwAEVYsAEvG7EBHj5ZsABFWLAALxuxABI+WbIXAAEREjmwFy+xDwGwCitYIdgb9FmyCA8XERI5sAAQsRABsAorWCHYG/RZsAEQsR8BsAorWCHYG/RZMDEzESEyFhUUBgcWFhUUBiMBESEyNjUQISUhMjY1NCYjIakB3O3vdGR2if7o/scBPYab/uL+wAEifpeMj/7kBbDEwGadKyG5gMTgAqn99It6AQeafmx4bQABAHf/7ATYBcQAHABHALAARViwCy8bsQsePlmwAEVYsAMvG7EDEj5ZsAsQsA/QsAsQsRIBsAorWCHYG/RZsAMQsRkBsAorWCHYG/RZsAMQsBzQMDEBBgQjIAARNTQSJDMyABcjJiYjIgIVFRQSMzI2NwTYG/7h7v7+/smRAQqv6AEYF8EZp5a40cayoKscAc7n+wFyATaMywE0pf795a6c/vD7je3+6JG0AAIAqQAABMYFsAALABUAOwCwAEVYsAEvG7EBHj5ZsABFWLAALxuxABI+WbABELEMAbAKK1gh2Bv0WbAAELENAbAKK1gh2Bv0WTAxMxEhMgQSFxUUAgQHAxEzMhI1NTQCJ6kBm74BJJ8Bn/7ZxNPK3vfp1gWwqP7KyV3O/sqmAgUS+4sBFP9V+AETAgAAAQCpAAAERgWwAAsAUQCwAEVYsAYvG7EGHj5ZsABFWLAELxuxBBI+WbILBAYREjmwCy+xAAGwCitYIdgb9FmwBBCxAgGwCitYIdgb9FmwBhCxCAGwCitYIdgb9FkwMQEhESEVIREhFSERIQPg/YkC3fxjA5P9LQJ3AqH9/J0FsJ7+LAAAAQCpAAAELwWwAAkAQgCwAEVYsAQvG7EEHj5ZsABFWLACLxuxAhI+WbIJAgQREjmwCS+xAAGwCitYIdgb9FmwBBCxBgGwCitYIdgb9FkwMQEhESMRIRUhESEDzP2dwAOG/ToCYwKD/X0FsJ7+DgABAHr/7ATcBcQAHwBsALAARViwCy8bsQsePlmwAEVYsAMvG7EDEj5ZsAsQsA/QsAsQsREBsAorWCHYG/RZsAMQsRgBsAorWCHYG/RZsh4DCxESObAeL7S/Hs8eAl20Dx4fHgJdtD8eTx4CXbEdAbAKK1gh2Bv0WTAxJQYEIyIkAic1EAAhMgQXIwIhIgIDFRQSMzI2NxEhNSEE3Er+97Cy/uyXAgEzARbkARYfwDb+3sHHAeC/bKI1/q8CEL9qaacBNMt/AUkBaunWASH+8f7/d/X+3zA5AUecAAEAqQAABQgFsAALAGcAsABFWLAGLxuxBh4+WbAARViwCi8bsQoePlmwAEVYsAAvG7EAEj5ZsABFWLAELxuxBBI+WbAAELAJ0LAJL7LvCQFdtM8J3wkCcbKPCQFxsi8JAV2ynwkBcrECAbAKK1gh2Bv0WTAxISMRIREjETMRIREzBQjB/SLAwALewQKh/V8FsP2OAnIAAAEAtwAAAXcFsAADAB0AsABFWLACLxuxAh4+WbAARViwAC8bsQASPlkwMSEjETMBd8DABbAAAAEANf/sA8wFsAAPAC8AsABFWLAALxuxAB4+WbAARViwBS8bsQUSPlmwCdCwBRCxDAGwCitYIdgb9FkwMQEzERQGIyImNTMUFjMyNjcDC8H70dnywImCd5MBBbD7+dHs3sh9jJaHAAEAqQAABQUFsAALAHQAsABFWLAFLxuxBR4+WbAARViwBy8bsQcePlmwAEVYsAIvG7ECEj5ZsABFWLALLxuxCxI+WbIAAgUREjlAEUoAWgBqAHoAigCaAKoAugAIXbI5AAFdsgYFAhESOUATNgZGBlYGZgZ2BoYGlgamBrYGCV0wMQEHESMRMxEBMwEBIwIbssDAAofo/cMCauYCpbn+FAWw/TAC0P19/NMAAQCpAAAEHAWwAAUAKQCwAEVYsAQvG7EEHj5ZsABFWLACLxuxAhI+WbEAAbAKK1gh2Bv0WTAxJSEVIREzAWoCsvyNwZ2dBbAAAQCpAAAGUgWwAA4AWQCwAEVYsAAvG7EAHj5ZsABFWLACLxuxAh4+WbAARViwBC8bsQQSPlmwAEVYsAgvG7EIEj5ZsABFWLAMLxuxDBI+WbIBAAQREjmyBwAEERI5sgoABBESOTAxCQIzESMREwEjARMRIxEBoQHcAdz5wBL+IpP+IxPABbD7XASk+lACNwJk+2UEmP2f/ckFsAAAAQCpAAAFCAWwAAkATLIBCgsREjkAsABFWLAFLxuxBR4+WbAARViwCC8bsQgePlmwAEVYsAAvG7EAEj5ZsABFWLADLxuxAxI+WbICBQAREjmyBwUAERI5MDEhIwERIxEzAREzBQjB/SPBwQLfvwRi+54FsPuZBGcAAgB2/+wFCQXEABEAHwA7ALAARViwDS8bsQ0ePlmwAEVYsAQvG7EEEj5ZsA0QsRUBsAorWCHYG/RZsAQQsRwBsAorWCHYG/RZMDEBFAIEIyIkAic1NBIkMzIEEhUnEAIjIgIHFRQSMzISNwUJkP74sKz+9pMCkgELrK8BC5C/0Lu20QPTubrMAwKp1v7BqKkBOc5p0gFCq6n+v9UCAQMBFf7r9mv7/uEBD/0AAAIAqQAABMAFsAAKABMAT7IKFBUREjmwChCwDNAAsABFWLADLxuxAx4+WbAARViwAS8bsQESPlmyCwMBERI5sAsvsQABsAorWCHYG/RZsAMQsRIBsAorWCHYG/RZMDEBESMRITIEFRQEIyUhMjY1NCYnIQFpwAIZ7wEP/vf3/qkBWZqkpI/+nAI6/cYFsPTJ1OWdkYmCnAMAAgBt/woFBgXEABUAIgBPsggjJBESObAIELAZ0ACwAEVYsBEvG7ERHj5ZsABFWLAILxuxCBI+WbIDCBEREjmwERCxGQGwCitYIdgb9FmwCBCxIAGwCitYIdgb9FkwMQEUAgcFByUGIyIkAic1NBIkMzIEEhUnEAIjIgIHFRQSIBI3BQGGeQEEg/7NSFCs/vaTApIBC6ywAQuQwM2+tdED0QF0zAMCqdP+z1bMefQSqQE5zmnSAUKrqv7B1QEBAQEX/uv2a/r+4AEP/QAAAgCoAAAEyQWwAA4AFwBjsgUYGRESObAFELAW0ACwAEVYsAQvG7EEHj5ZsABFWLACLxuxAhI+WbAARViwDS8bsQ0SPlmyEAQCERI5sBAvsQABsAorWCHYG/RZsgsABBESObAEELEWAbAKK1gh2Bv0WTAxASERIxEhMgQVFAYHARUjASEyNjU0JichAr/+qsEB4vYBCZODAVbO/W4BJ4+poZj+2gJN/bMFsODWiMoy/ZYMAuqUfIeQAQAAAQBQ/+wEcgXEACYAZLIAJygREjkAsABFWLAGLxuxBh4+WbAARViwGi8bsRoSPlmwBhCwC9CwBhCxDgGwCitYIdgb9FmyJhoGERI5sCYQsRQBsAorWCHYG/RZsBoQsB/QsBoQsSIBsAorWCHYG/RZMDEBJiY1NCQzMhYWFSM0JiMiBhUUFgQWFhUUBCMiJCY1MxQWMzI2NCYCVvfhARPcluuBwaiZjp+XAWvNY/7s55b+/I3Bw6OYopYCiUfPmKzhdMx5hJd9b1l7Znukb7HVc8h/hJl81nUAAQAxAAAElwWwAAcALwCwAEVYsAYvG7EGHj5ZsABFWLACLxuxAhI+WbAGELEAAbAKK1gh2Bv0WbAE0DAxASERIxEhNSEEl/4sv/4tBGYFEvruBRKeAAABAIz/7ASqBbAAEgA9sgUTFBESOQCwAEVYsAAvG7EAHj5ZsABFWLAJLxuxCR4+WbAARViwBS8bsQUSPlmxDgGwCitYIdgb9FkwMQERBgAHByIAJxEzERQWMzI2NREEqgH+/9wz7/7kAr6uoaOtBbD8Is7++hACAQLiA+D8Jp6vrp4D2wABABwAAAT9BbAABgA4sgAHCBESOQCwAEVYsAEvG7EBHj5ZsABFWLAFLxuxBR4+WbAARViwAy8bsQMSPlmyAAEDERI5MDElATMBIwEzAosBoNL95Kr95dH/BLH6UAWwAAABAD0AAAbtBbAAEgBZALAARViwAy8bsQMePlmwAEVYsAgvG7EIHj5ZsABFWLARLxuxER4+WbAARViwCi8bsQoSPlmwAEVYsA8vG7EPEj5ZsgEDChESObIGAwoREjmyDQMKERI5MDEBFzcBMwEXNxMzASMBJwcBIwEzAeMcKQEgogEZKB/iwf6fr/7UFxf+ya/+oMABy8CtA/j8CLDEA+T6UAQlb2/72wWwAAEAOQAABM4FsAALAGsAsABFWLABLxuxAR4+WbAARViwCi8bsQoePlmwAEVYsAQvG7EEEj5ZsABFWLAHLxuxBxI+WbIAAQQREjlACYYAlgCmALYABF2yBgEEERI5QAmJBpkGqQa5BgRdsgMABhESObIJBgAREjkwMQEBMwEBIwEBIwEBMwKEAV3i/jQB1+T+mv6Y4wHY/jPhA4ICLv0u/SICOP3IAt4C0gAAAQAPAAAEuwWwAAgAMQCwAEVYsAEvG7EBHj5ZsABFWLAHLxuxBx4+WbAARViwBC8bsQQSPlmyAAEEERI5MDEBATMBESMRATMCZQF82v4KwP4K3ALVAtv8b/3hAh8DkQAAAQBWAAAEegWwAAkARgCwAEVYsAcvG7EHHj5ZsABFWLACLxuxAhI+WbEAAbAKK1gh2Bv0WbIEAAIREjmwBxCxBQGwCitYIdgb9FmyCQUHERI5MDElIRUhNQEhNSEVATkDQfvcAx787wP3nZ2QBIKejQAAAQCS/sgCCwaAAAcAJACwBC+wBy+xAAGwCitYIdgb9FmwBBCxAwGwCitYIdgb9FkwMQEjETMVIREhAgu/v/6HAXkF6Pl4mAe4AAABACj/gwM4BbAAAwATALACL7AARViwAC8bsQAePlkwMRMzASMosAJgsAWw+dMAAQAJ/sgBgwaAAAcAJwCwAi+wAS+wAhCxBQGwCitYIdgb9FmwARCxBgGwCitYIdgb9FkwMRMhESE1MxEjCQF6/obBwQaA+EiYBogAAAEAQALZAxQFsAAGACeyAAcIERI5ALAARViwAy8bsQMePlmwANCyAQcDERI5sAEvsAXQMDEBAyMBMwEjAaq+rAErfwEqqwS7/h4C1/0pAAEABP9pA5gAAAADABwAsABFWLADLxuxAxI+WbEAAbAKK1gh2Bv0WTAxBSE1IQOY/GwDlJeXAAEAOQTaAdoGAAADACMAsAEvsg8BAV2wANAZsAAvGLABELAC0LACL7QPAh8CAl0wMQEjATMB2p/+/t8E2gEmAAACAG3/7APqBE4AHgAoAHyyFykqERI5sBcQsCDQALAARViwFy8bsRcaPlmwAEVYsAQvG7EEEj5ZsABFWLAALxuxABI+WbICFwQREjmyCxcEERI5sAsvsBcQsQ8BsAorWCHYG/RZshILFxESObAEELEfAbAKK1gh2Bv0WbALELEjAbAKK1gh2Bv0WTAxISYnBiMiJjU0JDMzNTQmIyIGFSM0NjYzMhYXERQXFSUyNjc1IyAVFBYDKBAKgbOgzQEB6bR0cWOGunPFdrvUBCb+C1ecI5H+rHQgUoa1i6m7VWFzZEdRl1i7pP4OlVgQjVpI3sdXYgAAAgCM/+wEIAYAAA4AGQBmshIaGxESObASELAD0ACwCC+wAEVYsAwvG7EMGj5ZsABFWLADLxuxAxI+WbAARViwBi8bsQYSPlmyBQgDERI5sgoMAxESObAMELESAbAKK1gh2Bv0WbADELEXAbAKK1gh2Bv0WTAxARQCIyInByMRMxE2IBIRJzQmIyIHERYzMjYEIOTAzXAJqrlwAYrhuZKJt1BVtIWUAhH4/tORfQYA/cOL/tb+/QW9zqr+LKrOAAEAXP/sA+wETgAdAEuyEB4fERI5ALAARViwEC8bsRAaPlmwAEVYsAgvG7EIEj5ZsQABsAorWCHYG/RZsAgQsAPQsBAQsBTQsBAQsRcBsAorWCHYG/RZMDElMjY3Mw4CIyIAETU0NjYzMhYXIyYmIyIGFRUUFgI+Y5QIrwV2xW7d/vt02ZS28QivCI9pjZuag3haXahkAScBAB+e9ojarmmHy8Aju8oAAAIAX//sA/AGAAAPABoAZrIYGxwREjmwGBCwA9AAsAYvsABFWLADLxuxAxo+WbAARViwDC8bsQwSPlmwAEVYsAgvG7EIEj5ZsgUDDBESObIKAwwREjmwDBCxEwGwCitYIdgb9FmwAxCxGAGwCitYIdgb9FkwMRM0EjMyFxEzESMnBiMiAjUXFBYzMjcRJiMiBl/sv75vuaoJb8a87bmYhrBRU6yImAIm+QEvggI0+gB0iAE0+Ae40J4B8ZnSAAACAF3/7APzBE4AFQAdAGyyCB4fERI5sAgQsBbQALAARViwCC8bsQgaPlmwAEVYsAAvG7EAEj5ZshoIABESObAaL7S/Gs8aAl2xDAGwCitYIdgb9FmwABCxEAGwCitYIdgb9FmyEwgAERI5sAgQsRYBsAorWCHYG/RZMDEFIgA1NTQ2NjMyEhEVIRYWMzI2NxcGASIGByE1JiYCTdz+7HvdgdPq/SMEs4piiDNxiP7ZcJgSAh4IiBQBIfIiof2P/ur+/U2gxVBCWNEDyqOTDo2bAAABADwAAALKBhUAFQBlsg8WFxESOQCwAEVYsAgvG7EIID5ZsABFWLADLxuxAxo+WbAARViwES8bsREaPlmwAEVYsAAvG7EAEj5ZsAMQsQEBsAorWCHYG/RZsAgQsQ0BsAorWCHYG/RZsAEQsBPQsBTQMDEzESM1MzU0NjMyFwcmIyIGFRUzFSMR56uruqpAPwovNVpi5+cDq49vrr4RlglpYnKP/FUAAgBg/lYD8gROABkAJACGsiIlJhESObAiELAL0ACwAEVYsAMvG7EDGj5ZsABFWLAGLxuxBho+WbAARViwCy8bsQsUPlmwAEVYsBcvG7EXEj5ZsgUDFxESObIPFwsREjmwCxCxEQGwCitYIdgb9FmyFQMXERI5sBcQsR0BsAorWCHYG/RZsAMQsSIBsAorWCHYG/RZMDETNBIzMhc3MxEUBiMiJic3FjMyNjU1BiMiAjcUFjMyNxEmIyIGYOrBxm8JqfnSdeA7YHesh5dvwL7rupaHr1JVqoeYAib9ASuMePvg0vJkV2+TmIpdgAEy87fRnwHum9IAAQCMAAAD3wYAABEASrIKEhMREjkAsBAvsABFWLACLxuxAho+WbAARViwBS8bsQUSPlmwAEVYsA4vG7EOEj5ZsgACBRESObACELEKAbAKK1gh2Bv0WTAxATYzIBMRIxEmJiMiBgcRIxEzAUV7xQFXA7kBaW9aiCa5uQO3l/59/TUCzHVwYE78/QYAAAACAI0AAAFoBcQAAwAMAD+yBg0OERI5sAYQsAHQALAARViwAi8bsQIaPlmwAEVYsAAvG7EAEj5ZsAIQsArQsAovsQYFsAorWCHYG/RZMDEhIxEzAzQ2MhYUBiImAVW5ucg3bDg4bDcEOgEfLT4+Wjw8AAAC/7/+SwFZBcQADAAWAEuyEBcYERI5sBAQsADQALAARViwDC8bsQwaPlmwAEVYsAMvG7EDFD5ZsQgBsAorWCHYG/RZsAwQsBXQsBUvsRAFsAorWCHYG/RZMDEBERAhIic1FjMyNjURAzQ2MzIWFAYiJgFL/uU9NCA0PkETNzU2ODhsNgQ6+0n+yBKUCENTBLsBHyw/Plo8PAAAAQCNAAAEDAYAAAwAdQCwAEVYsAQvG7EEID5ZsABFWLAILxuxCBo+WbAARViwAi8bsQISPlmwAEVYsAsvG7ELEj5ZsgAIAhESOUAVOgBKAFoAagB6AIoAmgCqALoAygAKXbIGCAIREjlAFTYGRgZWBmYGdgaGBpYGpga2BsYGCl0wMQEHESMRMxE3ATMBASMBunS5uWMBUeH+WwHW2QH1ef6EBgD8X3cBZP48/YoAAQCcAAABVQYAAAMAHQCwAEVYsAIvG7ECID5ZsABFWLAALxuxABI+WTAxISMRMwFVubkGAAAAAQCLAAAGeAROAB0AeLIEHh8REjkAsABFWLADLxuxAxo+WbAARViwCC8bsQgaPlmwAEVYsAAvG7EAGj5ZsABFWLALLxuxCxI+WbAARViwFC8bsRQSPlmwAEVYsBsvG7EbEj5ZsgEICxESObIFCAsREjmwCBCxEAGwCitYIdgb9FmwGNAwMQEXNjMyFzY2MyATESMRNCYjIgYHESMRNCMiBxEjEQE6BXfK41I2rXYBZAa5an1niAu657ZDuQQ6eIyuTmD+h/0rAsp0c3to/TICxeyb/OoEOgAAAQCMAAAD3wROABEAVLILEhMREjkAsABFWLADLxuxAxo+WbAARViwAC8bsQAaPlmwAEVYsAYvG7EGEj5ZsABFWLAPLxuxDxI+WbIBAwYREjmwAxCxCwGwCitYIdgb9FkwMQEXNjMgExEjESYmIyIGBxEjEQE7BnzIAVcDuQFpb1qIJrkEOoic/n39NQLMdXBgTvz9BDoAAgBb/+wENAROAA8AGwBFsgwcHRESObAMELAT0ACwAEVYsAQvG7EEGj5ZsABFWLAMLxuxDBI+WbETAbAKK1gh2Bv0WbAEELEZAbAKK1gh2Bv0WTAxEzQ2NjMyABUVFAYGIyIANRcUFjMyNjU0JiMiBlt934/dARF54ZLc/u+6p4yNpqmMiagCJ5/+iv7O/g2e+4wBMvwJtNrdx7Ld2gACAIz+YAQeBE4ADwAaAHCyExscERI5sBMQsAzQALAARViwDC8bsQwaPlmwAEVYsAkvG7EJGj5ZsABFWLAGLxuxBhQ+WbAARViwAy8bsQMSPlmyBQwDERI5sgoMAxESObAMELETAbAKK1gh2Bv0WbADELEYAbAKK1gh2Bv0WTAxARQCIyInESMRMxc2MzISESc0JiMiBxEWMzI2BB7iwcVxuakJccnD47mciKhUU6uFnQIR9/7Sff33Bdp4jP7a/voEt9SV/fuU0wAAAgBf/mAD7wROAA8AGgBtshgbHBESObAYELAD0ACwAEVYsAMvG7EDGj5ZsABFWLAGLxuxBho+WbAARViwCC8bsQgUPlmwAEVYsAwvG7EMEj5ZsgUDDBESObIKAwwREjmxEwGwCitYIdgb9FmwAxCxGAGwCitYIdgb9FkwMRM0EjMyFzczESMRBiMiAjUXFBYzMjcRJiMiBl/qxcBvCKq5cLrE6bmdhaVXWKKGngIm/wEpgW36JgIEeAEx/Ai61JICEo/VAAEAjAAAApcETgANAEeyBA4PERI5ALAARViwCy8bsQsaPlmwAEVYsAgvG7EIGj5ZsABFWLAFLxuxBRI+WbALELECAbAKK1gh2Bv0WbIJCwUREjkwMQEmIyIHESMRMxc2MzIXApcqMbZBubQDW6c2HAOUB5v9AAQ6fZEOAAABAF//7AO7BE4AJgBksgknKBESOQCwAEVYsAkvG7EJGj5ZsABFWLAcLxuxHBI+WbIDHAkREjmwCRCwDdCwCRCxEAGwCitYIdgb9FmwAxCxFQGwCitYIdgb9FmwHBCwIdCwHBCxJAGwCitYIdgb9FkwMQE0JiQmJjU0NjMyFhUjNCYjIgYVFBYEFhYVFAYjIiYmNTMWFjMyNgMCcf7npU/hr7jluoFiZXJqARWsU+i5gshxuQWLcml/AR9LUzxUdFCFuL6UTG5YR0NEPlZ5V5GvXKVgXW1VAAABAAn/7AJWBUAAFQBhsg4WFxESOQCwAEVYsAEvG7EBGj5ZsABFWLATLxuxExo+WbAARViwDS8bsQ0SPlmwARCwANCwAC+wARCxAwGwCitYIdgb9FmwDRCxCAGwCitYIdgb9FmwAxCwEdCwEtAwMQERMxUjERQWMzI3FQYjIiY1ESM1MxEBh8rKNkEgOElFfH7FxQVA/vqP/WFBQQyWFJaKAp+PAQYAAQCI/+wD3AQ6ABAAVLIKERIREjkAsABFWLAGLxuxBho+WbAARViwDS8bsQ0aPlmwAEVYsAIvG7ECEj5ZsABFWLAQLxuxEBI+WbIADQIREjmwAhCxCgGwCitYIdgb9FkwMSUGIyImJxEzERQzMjcRMxEjAyhs0a21AbnI1Ea5sGt/ycUCwP1F9p4DE/vGAAEAIQAAA7oEOgAGADiyAAcIERI5ALAARViwAS8bsQEaPlmwAEVYsAUvG7EFGj5ZsABFWLADLxuxAxI+WbIABQMREjkwMSUBMwEjATMB8QEMvf58jf54vfsDP/vGBDoAAAEAKwAABdMEOgAMAGCyBQ0OERI5ALAARViwAS8bsQEaPlmwAEVYsAgvG7EIGj5ZsABFWLALLxuxCxo+WbAARViwAy8bsQMSPlmwAEVYsAYvG7EGEj5ZsgALAxESObIFCwMREjmyCgsDERI5MDElEzMBIwEBIwEzExMzBErQuf7Flv75/wCW/sa41fyV/wM7+8YDNPzMBDr81gMqAAEAKQAAA8oEOgALAFMAsABFWLABLxuxARo+WbAARViwCi8bsQoaPlmwAEVYsAQvG7EEEj5ZsABFWLAHLxuxBxI+WbIACgQREjmyBgoEERI5sgMABhESObIJBgAREjkwMQETMwEBIwMDIwEBMwH38Nj+ngFt1vr61wFt/p7WAq8Bi/3p/d0Blf5rAiMCFwABABb+SwOwBDoADwBKsgAQERESOQCwAEVYsAEvG7EBGj5ZsABFWLAOLxuxDho+WbAARViwBS8bsQUUPlmyAA4FERI5sQkBsAorWCHYG/RZsAAQsA3QMDEBEzMBAiMnJzUXMjY3NwEzAe78xv5NZdwjRTJeaSIp/n7KAQ8DK/sf/vIDDZYETGVuBC4AAAEAWAAAA7MEOgAJAEYAsABFWLAHLxuxBxo+WbAARViwAi8bsQISPlmxAAGwCitYIdgb9FmyBAACERI5sAcQsQUBsAorWCHYG/RZsgkFBxESOTAxJSEVITUBITUhFQE6Ann8pQJV/bQDNJeXiAMZmYMAAAEAQP6SAp4GPQAYADKyExkaERI5ALANL7AAL7IHDQAREjmwBy+yHwcBXbEGA7AKK1gh2Bv0WbITBgcREjkwMQEmJjU1NCM1MjU1NjY3FwYRFRQHFhUVEhcCeLGz1NQCr7Mm0aenA87+kjLlvMfzkfLQt+Ezc0P+5srjWVrlzv7tQgABAK/+8gFEBbAAAwATALAAL7AARViwAi8bsQIePlkwMQEjETMBRJWV/vIGvgAAAQAT/pICcgY9ABgAMrIFGRoREjkAsAsvsBgvshELGBESObARL7IfEQFdsRIDsAorWCHYG/RZsgUSERESOTAxFzYTNTQ3JjU1ECc3FhYXFRQzFSIVFRQGBxPLB7W10SaxsgHU1LWv+0EBCtznVFLpywEaQ3My4bnS75HzyrziMgABAIMBkgTvAyIAFwBEshEYGRESOQCwAEVYsA8vG7EPGD5ZsADQsA8QsBTQsBQvsQMBsAorWCHYG/RZsA8QsQgBsAorWCHYG/RZsAMQsAvQMDEBFAYjIi4CIyIGFQc0NjMyFhYXFzI2NQTvu4lIgKlKKk5UobiLTIywQB1MXwMJntk1lCRrXgKgzkChCgJ0XwACAIv+mAFmBE0AAwAMADOyBg0OERI5sAYQsADQALACL7AARViwCy8bsQsaPlmxBgWwCitYIdgb9FmyAQIGERI5MDETMxMjExQGIiY0NjIWqqgNwsk3bDg4bDcCrPvsBUwtPj5aPDwAAAEAaf8LA/kFJgAhAFSyACIjERI5ALAARViwFC8bsRQaPlmwAEVYsAovG7EKEj5ZsAfQsQABsAorWCHYG/RZsAoQsAPQsBQQsBHQsBQQsBjQsBQQsRsBsAorWCHYG/RZMDElMjY3MwYGBxUjNSYCNTU0Ejc1MxUWFhcjJiYjIgYVFRQWAkpklAivBsaQubPIyrG5lsAGrwiPaY2bm4N5WX7JGunqIgEc3CPUAR0h4t8X1JZph8vAI7vKAAEAWwAABGgFxAAhAH+yHCIjERI5ALAARViwFC8bsRQePlmwAEVYsAUvG7EFEj5Zsh8UBRESObAfL7JfHwFyso8fAXGyvx8BXbEAAbAKK1gh2Bv0WbAFELEDAbAKK1gh2Bv0WbAH0LAI0LAAELAN0LAfELAP0LAUELAY0LAUELEbAbAKK1gh2Bv0WTAxARcUByEHITUzNjY3NScjNTMDNDYzMhYVIzQmIyIGFRMhFQHBCD4C3QH7+E0oMgIIpaAJ9ci+3r9/b2mCCQE/Am7cmludnQmDYAjdnQEEx+7UsWt8mn3+/J0AAgBp/+UFWwTxABsAKgBBsgIrLBESObACELAn0ACwAEVYsAIvG7ECEj5ZsBDQsBAvsAIQsR8BsAorWCHYG/RZsBAQsScBsAorWCHYG/RZMDElBiMiJwcnNyY1NDcnNxc2MzIXNxcHFhUUBxcHARQWFjI2NjU0JiYjIgYGBE+f0c+fhoKLaHCTgpOew8SflYSXbmaPhPxgc8TixHFxxXBxxHNwhIKIh42cys6jl4iWeHmYiZqjy8SfkIgCe3vUenvTe3rTeXjUAAABAA8AAAQkBbAAFgBxsgAXGBESOQCwAEVYsAEvG7EBHj5ZsABFWLALLxuxCxI+WbIACwEREjmyBwELERI5sAcvsAPQsAMvsQUCsAorWCHYG/RZsAcQsQkCsAorWCHYG/RZsA3QsAcQsA/QsAUQsBHQsAMQsBPQsAEQsBXQMDEBATMBIRUhFSEVIREjESE1ITUhNSEBMwIbATTV/pEBBf68AUT+vMH+wgE+/sIBB/6R2AMZApf9MH2lfP6+AUJ8pX0C0AAAAgCT/vIBTQWwAAMABwAYALAAL7AARViwBi8bsQYePlmyBQEDKzAxExEzEREjETOTurq6/vIDF/zpA8gC9gACAFr+EQR5BcQANABEAISyI0VGERI5sCMQsDXQALAIL7AARViwIy8bsSMePlmyFggjERI5sBYQsT8BsAorWCHYG/RZsgIWPxESObAIELAO0LAIELERAbAKK1gh2Bv0WbIwIwgREjmwMBCxNwGwCitYIdgb9FmyHTcwERI5sCMQsCfQsCMQsSoBsAorWCHYG/RZMDEBFAcWFhUUBCMiJicmNTcUFjMyNjU0JicuAjU0NyYmNTQkMzIEFSM0JiMiBhUUFhYEHgIlJicGBhUUFhYEFzY2NTQmBHm6RUj+/ORwyUaLurSciKaO0bbAXbZCRwEL3ugBBLmoi46hOIcBH6lxOv3hWktQSzaFARwsTlSLAa+9VTGIZKjHODlxzQKCl3VgWWk+MG+bb7pYMYhkpsjizX2bc2JFUEFQSGGBqxgbE2VFRlBCUhEUZUVYbQAAAgBlBPAC7gXFAAgAEQAeALAHL7ECBbAKK1gh2Bv0WbAL0LAHELAQ0LAQLzAxEzQ2MhYUBiImJTQ2MhYUBiImZTdsODhsNwGuN2w4OGw3BVstPT1aPDwrLT4+Wjw8AAMAW//rBeYFxAAbACoAOQCZsic6OxESObAnELAD0LAnELA20ACwAEVYsC4vG7EuHj5ZsABFWLA2LxuxNhI+WbIDNi4REjmwAy+0DwMfAwJdsgouNhESObAKL7QAChAKAl2yDgoDERI5sRECsAorWCHYG/RZsAMQsRgCsAorWCHYG/RZshsDChESObA2ELEgBLAKK1gh2Bv0WbAuELEnBLAKK1gh2Bv0WTAxARQGIyImNTU0NjMyFhUjNCYjIgYVFRQWMzI2NSUUEgQgJBI1NAIkIyIEAgc0EiQgBBIVFAIEIyIkAgRfrZ6dvb+boKySX1tebGxeXF39AaABEwFAARKgnv7toaD+7J9zuwFLAYABSru0/rXGxf61tgJVmaHTtm6w06SVY1WKe3F4ilRlhKz+26amASWsqgEip6X+3KrKAVrHx/6mysX+qNHPAVgAAAIAkwKzAw8FxAAbACUAb7IOJicREjmwDhCwHdAAsABFWLAVLxuxFR4+WbIEJhUREjmwBC+wANCyAgQVERI5sgsEFRESObALL7AVELEOA7AKK1gh2Bv0WbIRCxUREjmwBBCxHAOwCitYIdgb9FmwCxCxIASwCitYIdgb9FkwMQEmJwYjIiY1NDYzMzU0IyIGFSc0NjMyFhURFBclMjY3NSMGBhUUAmoMBkyAd4KnrGx8RU+hrImFmhr+pCtYHHBTWQLBIiZWfGdveDSHNjMMZ4KPhv7EYVF7KBuOAT8zXgD//wBmAJcDZAOzACYBkvr+AAcBkgFE//4AAQB/AXcDvgMgAAUAGwCwBC+wAdCwAS+wBBCxAgGwCitYIdgb9FkwMQEjESE1IQO+uv17Az8BdwEIoQAABABa/+sF5QXEAA4AHgA0AD0ArbI2Pj8REjmwNhCwC9CwNhCwE9CwNhCwI9AAsABFWLADLxuxAx4+WbAARViwCy8bsQsSPlmxEwSwCitYIdgb9FmwAxCxGwSwCitYIdgb9FmyIAsDERI5sCAvsiIDCxESObAiL7QAIhAiAl2yNSAiERI5sDUvsr81AV20ADUQNQJdsR8CsAorWCHYG/RZsigfNRESObAgELAv0LAvL7AiELE9ArAKK1gh2Bv0WTAxEzQSJCAEEhUUAgQjIiQCNxQSBDMyJBI1NAIkIyIEAgURIxEhMhYVFAcWFxUUFxUjJjQnJicnMzY2NTQmIyNauwFLAYABSru0/rXGxf61tnOgAROgoQEUnZ3+7KGg/uyfAcCNARSZqYB6ARGRDgMQc7CcSFhOZIoC2coBWsfH/qbKxf6o0c8BWMes/tumqQEirKsBIael/tz1/q4DUYN9e0Eymj1WJhAkuRFgBIACQjZJPQAAAQCOBRYDLgWlAAMAGbIBBAUREjkAsAIvsQAQsAorWCHYG/RZMDEBITUhAy79YAKgBRaPAAIAggPAAnwFxAALABYAMQCwAEVYsAMvG7EDHj5ZsAzQsAwvsQkCsAorWCHYG/RZsAMQsRICsAorWCHYG/RZMDETNDYzMhYVFAYjIiYXMjY1NCYjIgYUFoKVamiTk2hplv82Sko2N0tLBMBonJtpapaWFkc5OktPbEoAAgBhAAAD9QTzAAsADwBIALAJL7AARViwDS8bsQ0SPlmwCRCwANCwCRCxBgGwCitYIdgb9FmwA9CwDRCxDgGwCitYIdgb9FmyBQ4GERI5tAsFGwUCXTAxASEVIREjESE1IREzASE1IQKJAWz+lKf+fwGBpwFB/L0DQwNWl/5iAZ6XAZ37DZgAAAEAQgKbAqsFuwAWAFayCBcYERI5ALAARViwDi8bsQ4ePlmwAEVYsAAvG7EAFj5ZsRYCsAorWCHYG/RZsALQsgMOFhESObAOELEIArAKK1gh2Bv0WbAOELAL0LIUFg4REjkwMQEhNQE2NTQmIyIGFSM0NiAWFRQPAiECq/2pASxtQDxLR52nAQiaa1SwAY8Cm2wBGmZFMT1MOXKUf25oa0+RAAEAPgKQApoFuwAmAIyyICcoERI5ALAARViwDi8bsQ4ePlmwAEVYsBkvG7EZFj5ZsgAZDhESObAAL7ZvAH8AjwADXbI/AAFxtg8AHwAvAANdsl8AAXKwDhCxBwKwCitYIdgb9FmyCg4ZERI5sAAQsSYEsAorWCHYG/RZshQmABESObIdGQ4REjmwGRCxIAKwCitYIdgb9FkwMQEzMjY1NCYjIgYVIzQ2MzIWFRQGBxYVFAYjIiY1MxQWMzI2NTQnIwEJVEpIP0Y5S52jfImcRkKVqoiEpp5PQ0ZJnFgEZj0wLTozKWJ7eWg3Wxkpj2p9fmstPDwzcQIAAQB7BNoCHAYAAAMAIwCwAi+yDwIBXbAA0LAAL7QPAB8AAl2wAhCwA9AZsAMvGDAxATMBIwE84P70lQYA/toAAAEAmv5gA+4EOgASAFGyDRMUERI5ALAARViwAC8bsQAaPlmwAEVYsAcvG7EHGj5ZsABFWLAQLxuxEBQ+WbAARViwDS8bsQ0SPlmxBAGwCitYIdgb9FmyCwcNERI5MDEBERYWMzI3ETMRIycGIyInESMRAVMBZ3THPrqnCV2qk1G5BDr9h6OcmAMg+8Zzh0n+KwXaAAABAEMAAANABbAACgArsgILDBESOQCwAEVYsAgvG7EIHj5ZsABFWLAALxuxABI+WbIBAAgREjkwMSERIyIkNTQkMyERAoZU5v73AQrmAQ0CCP7W1f/6UAAAAQCTAmsBeQNJAAkAF7IDCgsREjkAsAIvsAiwCitY2BvcWTAxEzQ2MhYVFAYiJpM5cjs7cjkC2TBAQDAvPz8AAAEAdP5NAaoAAAAOAEKyBQ8QERI5ALAARViwAC8bsQASPlmwAEVYsAYvG7EGFD5ZtBMGIwYCXbIBBgAREjmwB7AKK1jYG9xZsAEQsA3QMDEhBxYVFAYjJzI2NTQmJzcBHQyZoI8HT1dAYiA0G5JhcWs0LywqCYYAAAEAegKbAe8FsAAGAEGyAQcIERI5ALAARViwBS8bsQUePlmwAEVYsAAvG7EAFj5ZsgQABRESObAEL7EDArAKK1gh2Bv0WbICAwUREjkwMQEjEQc1JTMB753YAWMSApsCWTmAdQACAHoCsgMnBcQADAAaAEKyAxscERI5sAMQsBDQALAARViwAy8bsQMePlmyChsDERI5sAovsRADsAorWCHYG/RZsAMQsRcDsAorWCHYG/RZMDETNDYzMhYVFRQGICY1FxQWMzI2NTU0JiMiBgd6vJqbvLv+zL6jYVRTX2FTUWACBGOew8GmSp/CwqUGZHJzZU5jcm5hAP//AGYAmAN4A7UAJgGTDQAABwGTAWoAAP//AFUAAAWRBa0AJwHG/9sCmAAnAZQBGAAIAQcCIALWAAAAEACwAEVYsAUvG7EFHj5ZMDH//wBQAAAFyQWtACcBlADsAAgAJwHG/9YCmAEHAcUDHgAAABAAsABFWLAJLxuxCR4+WTAx//8AbwAABe0FuwAnAZQBlwAIACcCIAMyAAABBwIfADECmwAQALAARViwIS8bsSEePlkwMQACAET+fwN4BE0AGAAiAFmyCSMkERI5sAkQsBzQALAQL7AARViwIS8bsSEaPlmyABAhERI5sgMQABESObAQELEJAbAKK1gh2Bv0WbAQELAM0LIVABAREjmwIRCxGwWwCitYIdgb9FkwMQEOAwcHFBYzMjY1MwYGIyImNTQ3NzY1ExQGIiY1NDYyFgJMASlguAsCdG1kfbkC4bfE1qBtQsE3bDg4bDcCqGp/dsFjJW1zcVuhzMmzra9xTpIBPS0+Pi0sPDwAAv/yAAAHVwWwAA8AEgB7ALAARViwBi8bsQYePlmwAEVYsAAvG7EAEj5ZsABFWLAELxuxBBI+WbIRBgAREjmwES+xAgGwCitYIdgb9FmwBhCxCAGwCitYIdgb9FmyCwAGERI5sAsvsQwBsAorWCHYG/RZsAAQsQ4BsAorWCHYG/RZshIGABESOTAxISEDIQMjASEVIRMhFSETIQEhAwdX/I0P/czN4gNwA7f9TRQCTv24FgLB+q8ByB8BYf6fBbCY/imX/e0BeALdAAEAWQDOA90EYwALADgAsAMvsgkMAxESObAJL7IKCQMREjmyBAMJERI5sgEKBBESObADELAF0LIHBAoREjmwCRCwC9AwMRMBATcBARcBAQcBAVkBSv64dwFJAUl3/rgBSnf+tf61AUkBUAFPe/6xAU97/rH+sHsBUf6vAAADAHb/owUdBewAFwAgACkAaLIEKisREjmwBBCwHdCwBBCwJtAAsABFWLAQLxuxEB4+WbAARViwBC8bsQQSPlmyGhAEERI5siMQBBESObAjELAb0LAQELEdAbAKK1gh2Bv0WbAaELAk0LAEELEmAbAKK1gh2Bv0WTAxARQCBCMiJwcjNyYRNTQSJDMyFzczBxYTBRQXASYjIgIHBTQnARYzMhI3BQmQ/viwq4NhjpC+kgELrNaUZ42fiQL8LGICNGamttEDAxU4/dtbebrMAwKp1v7BqFKb58ABaFPSAUKrfaX/u/7aY/SNA4hv/uv2DbaD/I9AAQ/9AAIApgAABF0FsAANABYAWbIJFxgREjmwCRCwENAAsABFWLAALxuxAB4+WbAARViwCy8bsQsSPlmyAQALERI5sAEvshAACxESObAQL7EJAbAKK1gh2Bv0WbABELEOAbAKK1gh2Bv0WTAxAREhMhYWFRQEIyERIxETESEyNjU0JicBYAEXk9x3/vjj/u66ugEVjqCgiAWw/ttpwn7C5/7HBbD+Q/3el3h7lwEAAQCL/+wEagYSACoAa7IhKywREjkAsABFWLAFLxuxBSA+WbAARViwEy8bsRMSPlmwAEVYsAAvG7EAEj5ZsgoTBRESObIOBRMREjmwExCxGgGwCitYIdgb9FmyIBMFERI5siMFExESObAFELEoAbAKK1gh2Bv0WTAxISMRNDYzMhYVFAYVFB4CFRQGIyImJzcWFjMyNjU0LgI1NDY1NCYjIhEBRLnPurTFgEu8Vsu2UbUmKzGHNWtxSr1Xi2hY2gRX0Ouzn33LRTNfkIhMn7IsHJsgLF5SNGCTilFZz1Rea/7bAAMATv/sBnwETgAqADUAPQDKsgI+PxESObACELAu0LACELA50ACwAEVYsBcvG7EXGj5ZsABFWLAdLxuxHRo+WbAARViwAC8bsQASPlmwAEVYsAUvG7EFEj5ZsgIdABESObIMBRcREjmwDC+0vwzPDAJdsBcQsRABsAorWCHYG/RZshMMFxESObIaHQAREjmyOh0AERI5sDovtL86zzoCXbEhAbAKK1gh2Bv0WbAAELElAbAKK1gh2Bv0WbIoHQAREjmwK9CwDBCxLwGwCitYIdgb9FmwEBCwNtAwMQUgJwYGIyImNTQ2MzM1NCYjIgYVJzQ2MzIWFzY2MzISFRUhFhYzMjc3FwYlMjY3NSMGBhUUFgEiBgchNTQmBO7++4hB4o2nvOPd325oaYy48rtzsDI/rmnS6P0oB66VlHkvQJ78CUieMuR1jGoDUHOVEQIahhS0Vl6tl52uVWt7blETj7VTU09X/v/pc7C/TB+IeZZKNu0CblNNXQM0q4sfhJMAAAIAfv/sBC0GLAAdACsAVrIHLC0REjmwBxCwKNAAsABFWLAZLxuxGSA+WbAARViwBy8bsQcSPlmyDxkHERI5sA8vshEZBxESObEiAbAKK1gh2Bv0WbAHELEoAbAKK1gh2Bv0WTAxARIRFRQGBiMiJiY1NDY2MzIXJicHJzcmJzcWFzcXAycmJiMiBhUUFjMyNjUDNPl12IaH3Hlwz4GjeTCN2knAhLc576+9SWgCIYtckaKngH2ZBRX++P5nXZ79kIHghpPpgnLDjZRjg1sxnzaLgWT88zg9Sb+njMTiuAAAAwBHAKwELQS6AAMADQAXAFOyBxgZERI5sAcQsADQsAcQsBHQALACL7EBAbAKK1gh2Bv0WbACELAMsAorWNgb3FmwBrAKK1jYG9xZsAEQsBCwCitY2BvcWbAWsAorWNgb3FkwMQEhNSEBNDYyFhUUBiImETQ2MhYVFAYiJgQt/BoD5v2gOXI7O3I5OXI7O3I5Ali4ATowQEAwLz4+/P4wQEAwLj8/AAMAW/96BDQEuAAVAB0AJgBlsgQnKBESObAEELAb0LAEELAj0ACwAEVYsAQvG7EEGj5ZsABFWLAPLxuxDxI+WbEjAbAKK1gh2Bv0WbIhIwQREjmwIRCwGNCwBBCxGwGwCitYIdgb9FmyGRsPERI5sBkQsCDQMDETNDY2MzIXNzMHFhEUBgYjIicHIzcmExQXASYjIgYFNCcBFjMyNjVbe+GPbl5JfGbDfOCQaFZKfGTNuWEBVz5IiqgCZlf+rDdCi6cCJ5/9iyqUzZr+wJ7+iSOVy5UBN8JvArYg2rW2b/1QGdu5AAIAlf5gBCcGAAAPABoAZrIYGxwREjmwGBCwDNAAsAgvsABFWLAMLxuxDBo+WbAARViwBi8bsQYUPlmwAEVYsAMvG7EDEj5ZsgUMAxESObIKDAMREjmwDBCxEwGwCitYIdgb9FmwAxCxGAGwCitYIdgb9FkwMQEUAiMiJxEjETMRNjMyEhEnNCYjIgcRFjMyNgQn4sHFcbm5ccLD47mciKhUU6uFnQIR9/7Sff33B6D9yoT+2v76BLfUlf37lNMAAAIAX//sBKwGAAAXACIAggCwFC+wAEVYsA0vG7ENGj5ZsABFWLADLxuxAxI+WbAARViwBi8bsQYSPlmyDxQBXbIvFAFdshMDFBESObATL7EQAbAKK1gh2Bv0WbAB0LIEBg0REjmyDw0GERI5sBMQsBbQsAYQsRsBsAorWCHYG/RZsA0QsSABsAorWCHYG/RZMDEBIxEjJwYjIgI1NTQSMzIXESE1ITUzFTMBFBYzMjcRJiMiBgSsvKoJb8a87ey/vm/++AEIubz8bJiGsFFTrIiYBNH7L3SIATT4DvkBL4IBBZeYmPypuNCeAfGZ0gACAB0AAAWIBbAAEwAXAG0AsABFWLAPLxuxDx4+WbAARViwCC8bsQgSPlmyFAgPERI5sBQvshAUDxESObAQL7AA0LAQELEXAbAKK1gh2Bv0WbAD0LAIELAF0LAUELEHAbAKK1gh2Bv0WbAXELAK0LAQELAN0LAPELAS0DAxATMVIxEjESERIxEjNTMRMxEhETMBITUhBQKGhsH9I8GGhsEC3cH8YgLd/SMEjo78AAKh/V8EAI4BIv7eASL9jsIAAQCbAAABVQQ6AAMAHQCwAEVYsAIvG7ECGj5ZsABFWLAALxuxABI+WTAxISMRMwFVuroEOgAAAQCaAAAEPwQ6AAwAaQCwAEVYsAQvG7EEGj5ZsABFWLAILxuxCBo+WbAARViwAi8bsQISPlmwAEVYsAsvG7ELEj5ZsAIQsAbQsAYvsp8GAV20vwbPBgJdsi8GAV2y/wYBXbEBAbAKK1gh2Bv0WbIKAQYREjkwMQEjESMRMxEzATMBASMBv2u6ulsBjd/+PAHo6QHN/jMEOv42Acr98/3TAAEAIgAABBsFsAANAF0AsABFWLAMLxuxDB4+WbAARViwBi8bsQYSPlmyAQwGERI5sAEvsADQsAEQsQIBsAorWCHYG/RZsAPQsAYQsQQBsAorWCHYG/RZsAMQsAjQsAnQsAAQsAvQsArQMDEBJRUFESEVIREHNTcRMwFpAQf++QKy/I2GhsEDS1R9VP3PnQKRKn0qAqIAAAEAIgAAAgoGAAALAEsAsABFWLAKLxuxCiA+WbAARViwBC8bsQQSPlmyAQQKERI5sAEvsADQsAEQsQIBsAorWCHYG/RZsAPQsAbQsAfQsAAQsAnQsAjQMDEBNxUHESMRBzU3ETMBbJ6eupCQugNlPXs9/RYCozd7NwLiAAABAKL+SwTxBbAAEwBbsgYUFRESOQCwAEVYsAAvG7EAHj5ZsABFWLAQLxuxEB4+WbAARViwBC8bsQQUPlmwAEVYsA4vG7EOEj5ZsAQQsQkBsAorWCHYG/RZsg0OEBESObISDgAREjkwMQERFAYjIic3FjMyNTUBESMRMwERBPGrnD02DiU9iP0zwMACzQWw+f2ouhKaDtBHBGr7lgWw+5gEaAABAJH+SwPwBE4AGgBjsg0bHBESOQCwAEVYsAMvG7EDGj5ZsABFWLAALxuxABo+WbAARViwCi8bsQoUPlmwAEVYsBgvG7EYEj5ZsgEYAxESObAKELEPAbAKK1gh2Bv0WbADELEVAbAKK1gh2Bv0WTAxARc2MzIWFxEUBiMiJzcWMzI1ETQmIyIHESMRATcNdMuzuAKnmz02DiNCiW99r1G6BDqartDL/PSkuBKdDcIC94uAhfzUBDoAAgBo/+sHCQXEABcAIwCWsgEkJRESObABELAa0ACwAEVYsAwvG7EMHj5ZsABFWLAOLxuxDh4+WbAARViwAC8bsQASPlmwAEVYsAMvG7EDEj5ZsA4QsRABsAorWCHYG/RZshMADhESObATL7EUAbAKK1gh2Bv0WbAAELEWAbAKK1gh2Bv0WbADELEYAbAKK1gh2Bv0WbAMELEdAbAKK1gh2Bv0WTAxISEGIyImAicRNBI2MzIXIRUhESEVIREhBTI3ESYjIgYHERQWBwn8sLJyov6MAYv+onyqA0b9LQJ3/YkC3fuMcWZtbK3CAsMVlgEPqwE1rAERlxSe/iyd/fwbDgSOD+XP/sfT6wADAGH/7AcABE4AIAAsADQAmbIGNTYREjmwBhCwJtCwBhCwMNAAsABFWLAELxuxBBo+WbAARViwCi8bsQoaPlmwAEVYsBcvG7EXEj5ZsABFWLAdLxuxHRI+WbIHChcREjmyMQoXERI5sDEvsQ4BsAorWCHYG/RZsBcQsRIBsAorWCHYG/RZshQKFxESObIaChcREjmwJNCwBBCxKgGwCitYIdgb9FmwLdAwMRM0NjYzMhYXNjYzMhYVFSEWFjMyNxcGIyImJwYGIyIANRcUFjMyNjU0JiMiBiUiBgchNTQmYXnbjonJPUHEcM/q/TIHpIa8eEqJ9YfNPz7Hhtz++Lmgi4mgoYqHogQtY5YWAg6JAieg/ol1ZGZz/ut0qsVsfoRwZGNxATD+CbfY18622dbWo4oafZYAAQCgAAACggYVAAwAM7IDDQ4REjkAsABFWLAELxuxBCA+WbAARViwAC8bsQASPlmwBBCxCQGwCitYIdgb9FkwMTMRNjYzMhcHJiMiFRGgAbCiO1QXKDO3BK6pvhWOC937YAACAF3/7AUSBcQAFwAfAF6yACAhERI5sBjQALAARViwEC8bsRAePlmwAEVYsAAvG7EAEj5ZsgUQABESObAFL7AQELEJAbAKK1gh2Bv0WbAAELEYAbAKK1gh2Bv0WbAFELEbAbAKK1gh2Bv0WTAxBSAAETUhNRACIyIHByc3NjMgABEVFAIEJzISNyEVFBYCuf7j/sED9PTdpYs9Lxae6AEuAWSc/uqnqd4P/M/TFAFZAUV1BwECARw6Go8NWP6H/rFUxf6/tp4BBdsi2uQAAAH/5P5LArwGFQAeAHSyFB8gERI5ALAARViwFS8bsRUgPlmwAEVYsBAvG7EQGj5ZsABFWLAdLxuxHRo+WbAARViwBS8bsQUUPlmwHRCxAAGwCitYIdgb9FmwBRCxCgGwCitYIdgb9FmwABCwDtCwD9CwFRCxGgGwCitYIdgb9FkwMQEjERQGIyInNxYzMjY1ESM1MzU2NjMyFwcmIyIHFTMCYMuomj0yDh5DQUerqwKvoTtUFiY8qwTLA6v7/qe3EpMNaFwEBI94p7wVkwrDegACAGX/7AWdBjcAFwAlAFWyBCYnERI5sAQQsCLQALAARViwDS8bsQ0ePlmwAEVYsAQvG7EEEj5Zsg8NBBESObAPELAV0LANELEbAbAKK1gh2Bv0WbAEELEiAbAKK1gh2Bv0WTAxARQCBCMiJAInNTQSJDMyFzY2NTMQBRYXBxACIyICBxUUEjMyEhEE+JD++LCr/vaVAZIBC6zwm2Bdp/75YQG+z7220QPTub/LAqnW/sGoqAE+z2TSAUGsmweDhP6zPaz2BAECARb+6/Zr+/7hARoBAQAAAgBb/+wEugSwABYAIwBVshMkJRESObATELAa0ACwAEVYsAQvG7EEGj5ZsABFWLATLxuxExI+WbIGBBMREjmwBhCwDNCwExCxGgGwCitYIdgb9FmwBBCxIQGwCitYIdgb9FkwMRM0NjYzMhc2NjUzEAcWFRUUBgYjIgA1FxQWMzI2NTU0JiMiBlt74Y/PiEdAls9JfOCQ3v7xuaeNi6epi4qoAief/YuKCGSA/t0ziqkWnv6JATP7CbTa27kQtdraAAABAIz/7AYdBgIAGgBNsgwbHBESOQCwAEVYsBIvG7ESHj5ZsABFWLAaLxuxGh4+WbAARViwDS8bsQ0SPlmyAQ0aERI5sAEQsAjQsA0QsRYBsAorWCHYG/RZMDEBFTY2NTMUBgcRBgIHByIAJxEzERQWMzI2NREEqnNhn7HCAfTTSe/+5AK+rqGjrQWw1QuJk9LRDP1+x/78FgQBAuID4Pwmnq+ungPbAAABAIj/7AUPBJAAGQBhsgcaGxESOQCwAEVYsBMvG7ETGj5ZsABFWLANLxuxDRo+WbAARViwCC8bsQgSPlmwAEVYsAUvG7EFEj5ZshUIExESObAVELAD0LIGCBMREjmwCBCxEAGwCitYIdgb9FkwMQEUBgcRIycGIyImJxEzERQzMjcRMxU+AjUFD5OgsARs0a21AbnI1Ea5REQdBJC0kwT8u2t/ycUCwP1F9p4DE4MCI0hsAAAB/7T+SwFlBDoADQApALAARViwAC8bsQAaPlmwAEVYsAQvG7EEFD5ZsQkBsAorWCHYG/RZMDEBERQGIyInNxYzMjY1EQFlqpg7NA4eQ0FIBDr7baqyEpMNaFwEkwAAAgBi/+wD6QRPABQAHABosggdHhESObAIELAV0ACwAEVYsAAvG7EAGj5ZsABFWLAILxuxCBI+WbINAAgREjmwDS+wABCxEAGwCitYIdgb9FmyEgAIERI5sAgQsRUBsAorWCHYG/RZsA0QsRgBsAorWCHYG/RZMDEBMgAVFRQGBiciJjU1ISYmIyIHJzYBMjY3IRUUFgH/3AEOfNh60OkCzQehiLp7SYwBDmKXFf3ziQRP/tT5JJX4jQH+6XSoyGx9hvw1pIkafZYAAAEAqQTkAwYGAAAIADQAsAQvsAfQsAcvtA8HHwcCXbIFBAcREjkZsAUvGLAB0BmwAS8YsAQQsALQsgMEBxESOTAxARUjJwcjNRMzAwaZlpWZ9nAE7gqqqgwBEAAAAQCNBOMC9wX/AAgAIACwBC+wAdCwAS+0DwEfAQJdsgAEARESObAI0LAILzAxATczFQMjAzUzAcGWoP5x+50FVaoK/u4BEgr//wCOBRYDLgWlAQYAcAAAAAoAsAEvsQID9DAxAAEAgQTLAtgF1wAMACeyCQ0OERI5ALADL7IPAwFdsQkEsAorWCHYG/RZsAbQsAYvsAzQMDEBFAYgJjUzFBYzMjY1Atil/vSml0xJRk8F13mTlHhGT05HAAABAI0E7gFoBcIACAAZsgIJChESOQCwBy+xAgWwCitYIdgb9FkwMRM0NjIWFAYiJo03bDg4bDcFVy0+Plo8PAAAAgB5BLQCJwZQAAkAFAAqsgMVFhESObADELAN0ACwAy+wB9CwBy+yPwcBXbADELAN0LAHELAS0DAxARQGIyImNDYyFgUUFjMyNjQmIyIGAid8W1x7e7h7/rVDMTBEQzEyQgWAV3V2rHp6Vi9EQmJFRgAAAQAy/k8BkgA4ABAAMrIFERIREjkAsBAvsABFWLAKLxuxChQ+WbEFA7AKK1gh2Bv0WUAJDxAfEC8QPxAEXTAxIQcGFRQzMjcXBiMiJjU0NjcBfjpxTjA0DUZaWWeGey1bVkgaeSxoVlmaOAAAAQB7BNkDPgXoABcAQACwAy+wCNCwCC+0DwgfCAJdsAMQsAvQsAsvsAgQsQ8DsAorWCHYG/RZsAMQsRQDsAorWCHYG/RZsA8QsBfQMDEBFAYjIi4CIyIGFSc0NjMyHgIzMjY1Az57XCk8YSscKTp8eV0jOGAzHys5BdxshhQ+DT8xB2uMFDoSRC0AAgBeBNADLAX/AAMABwA7ALACL7AA0LAAL7QPAB8AAl2wAhCwA9AZsAMvGLAAELAF0LAFL7ACELAG0LAGL7ADELAH0BmwBy8YMDEBMwEjAzMDIwJdz/7zqW3F2pYF//7RAS/+0QAAAgB+/msB1f+1AAsAFgA0ALADL0ALAAMQAyADMANAAwVdsAnQsAkvQAkwCUAJUAlgCQRdsgAJAV2wDtCwAxCwFNAwMRc0NjMyFhUUBiMiJjcUFjI2NTQmIyIGfmRKR2JgSUxiVzRGMDAjJTLyRmFgR0ZdXkUjMDAjJDI0AAH8pwTa/kgGAAADAB4AsAEvsADQGbAALxiwARCwAtCwAi+0DwIfAgJdMDEBIwEz/kif/v7gBNoBJgAB/W8E2v8QBgAAAwAeALACL7AB0LABL7QPAR8BAl2wAhCwA9AZsAMvGDAxATMBI/4w4P70lQYA/tr///yLBNn/TgXoAAcApfwQAAAAAf1eBNn+lAZ0AA4ALgCwAC+yDwABXbAH0LAHL0AJDwcfBy8HPwcEXbAG0LIBAAYREjmyDQAHERI5MDEBJzY2NCYjNzIWFRQGBwf9dAFLRltLB5WaTk0BBNmZBR5OJ2pnVT1QC0cAAvwnBOT/BwXuAAMABwA3ALABL7AA0BmwAC8YsAEQsAXQsAUvsAbQsAYvtg8GHwYvBgNdsAPQsAMvsAAQsATQGbAELxgwMQEjATMBIwMz/gKp/s7hAf+W9s4E5AEK/vYBCgAB/Tj+ov4T/3YACAASALACL7EHBbAKK1gh2Bv0WTAxBTQ2MhYUBiIm/Tg3bDg4bDf1LT4+Wjw8AAEAtwTuAZsGPwADAB0AsAIvsADQsAAvsg8AAV2yAwIAERI5GbADLxgwMRMzAyPtrnRwBj/+rwAAAwBxBPADgwaIAAMADAAVADgAsAsvsALQsAIvsAHQsAEvsAIQsAPQGbADLxiwCxCxBgWwCitYIdgb9FmwD9CwCxCwFNCwFC8wMQEzAyMFNDYyFhQGIiYlNDYyFhQGIiYB4bxlh/7AN2w4OGw3Ajc3bDg4bDcGiP74JS09PVo8PCstPj5aPDwA//8AkwJrAXkDSQEGAHgAAAAGALACLzAxAAEAsQAABDAFsAAFACwAsABFWLAELxuxBB4+WbAARViwAi8bsQISPlmwBBCxAAGwCitYIdgb9FkwMQEhESMRIQQw/ULBA38FEvruBbAAAAIAHwAABXMFsAADAAYAMACwAEVYsAAvG7EAHj5ZsABFWLACLxuxAhI+WbEEAbAKK1gh2Bv0WbIGAgAREjkwMQEzASElIQEChqoCQ/qsAQYDTP5nBbD6UJ0EKAAAAwBn/+wE+gXEAAMAFQAjAHqyCCQlERI5sAgQsAHQsAgQsCDQALAARViwES8bsREePlmwAEVYsAgvG7EIEj5ZsgIIERESObACL7LPAgFdsv8CAV2yLwIBXbS/As8CAnGxAQGwCitYIdgb9FmwERCxGQGwCitYIdgb9FmwCBCxIAGwCitYIdgb9FkwMQEhNSEFFAIEIyIkAic1NBIkMzIEEhcHEAIjIgIHFRQSMzISNwPA/fsCBQE6j/74saz+9pMCkgELrK8BCJECv9C7ttED0bu6zAMCk5iC1f7CqqkBOc5p0gFCq6j+xc8LAQMBFf7r9mv6/uABD/0AAAEAMgAABQMFsAAGADEAsABFWLADLxuxAx4+WbAARViwAS8bsQESPlmwAEVYsAUvG7EFEj5ZsgADARESOTAxAQEjATMBIwKa/mbOAhKsAhPPBIn7dwWw+lAAAAMAeAAABCEFsAADAAcACwBSALAARViwCC8bsQgePlmwAEVYsAIvG7ECEj5ZsQABsAorWCHYG/RZsAIQsAXQsAUvsi8FAV2xBgGwCitYIdgb9FmwCBCxCgGwCitYIdgb9FkwMTchFSETIRUhAyEVIXgDqfxXVwLy/Q5TA5T8bJ2dAz+dAw6eAAABALIAAAUBBbAABwA5ALAARViwBi8bsQYePlmwAEVYsAAvG7EAEj5ZsABFWLAELxuxBBI+WbAGELECAbAKK1gh2Bv0WTAxISMRIREjESEFAcH9MsAETwUS+u4FsAAAAQBFAAAERAWwAAwAPgCwAEVYsAgvG7EIHj5ZsABFWLADLxuxAxI+WbEBAbAKK1gh2Bv0WbAF0LAIELEKAbAKK1gh2Bv0WbAH0DAxAQEhFSE1AQE1IRUhAQLy/kMDD/wBAeH+HwPO/SQBuwLO/c+djwJKAkeQnv3UAAADAE0AAAV0BbAAFQAcACMAbrIKJCUREjmwChCwGdCwChCwINAAsABFWLAULxuxFB4+WbAARViwCS8bsQkSPlmyExQJERI5sBMvsADQsggJFBESObAIL7AL0LAIELEhAbAKK1gh2Bv0WbAZ0LATELEaAbAKK1gh2Bv0WbAg0DAxARYEFhUUBgYHFSM1JgA1NDY3Njc1MwEUFhcRBgYFNCYnETY2A0KhAQGQj/+kwvv+yH10i7fC/crCsrTAA6nBsrS/BPcDivqcnvqJBK+vBAEv8JTuSVcDuf0iuMgEAwkEyrW1ygT89wTLAAABAFoAAAUhBbAAGABdsgAZGhESOQCwAEVYsAQvG7EEHj5ZsABFWLARLxuxER4+WbAARViwFy8bsRcePlmwAEVYsAsvG7ELEj5ZshYECxESObAWL7AA0LAWELENAbAKK1gh2Bv0WbAK0DAxATY2NREzERQGBgcRIxEmACcRMxEWFhcRMwMWnK7Bf+2fwef+7wPAAaWVwQILF9eqAg398J/1kw/+lgFqFwEq7QIY/e+j1xkDpAABAHEAAATLBcQAJABeshklJhESOQCwAEVYsBkvG7EZHj5ZsABFWLAOLxuxDhI+WbAARViwIy8bsSMSPlmwDhCxEAGwCitYIdgb9FmwDdCwANCwGRCxBgGwCitYIdgb9FmwEBCwIdCwItAwMSU2Ejc1NCYgBhUVFBIXFSE1MyYCNTU0EjYzMhYSFxUUAgczFSEC4YqaA8L+rsCdkf4U3Wp4jf6hoP2OA3hq3P4cohsBHOqG5/b65XHw/tgcop1mATOib7oBJJ+c/uS0gqD+zWadAAACAGT/6wR3BE4AFgAhAH+yHyIjERI5sB8QsBPQALAARViwEy8bsRMaPlmwAEVYsBYvG7EWGj5ZsABFWLAILxuxCBI+WbAARViwDC8bsQwSPlmwCBCxAwGwCitYIdgb9FmyChMIERI5shUTCBESObAMELEaAbAKK1gh2Bv0WbATELEfAbAKK1gh2Bv0WTAxAREWMzI3FwYjIicGIyICNTUQEjMyFzcBFBYzMjcRJiMiBgPuAk4TDxcwSpMma9HA5OLEy2sR/cySh61SVaiGlQQ6/OOMBYkipaUBG/QPAQgBPaGN/bqvw7oBvrzjAAIAoP6ABE0FxAAUACoAbLIAKywREjmwGNAAsA8vsABFWLAALxuxAB4+WbAARViwDC8bsQwSPlmyKAAMERI5sCgvsSUBsAorWCHYG/RZsgYlKBESObIODAAREjmwABCxGAGwCitYIdgb9FmwDBCxHwGwCitYIdgb9FkwMQEyFhUUBgcWFhUUBiMiJxEjETQ2NgE0JiMiBgcRFhYzMjY1NCYnIzUzMjYCXcHrYlh7g/nNtXi6es8BZ4hrbJYBLJBehpqMbZZVeH4FxNuuW5guLcOCze9f/jUFsWy8a/57ZoeOa/zDND+ggXalA5h3AAABAC7+YAPfBDoACAA4sgAJChESOQCwAEVYsAEvG7EBGj5ZsABFWLAHLxuxBxo+WbAARViwBC8bsQQUPlmyAAcEERI5MDEBATMBESMRATMCCgEYvf6Fuv6EvQEUAyb7//4nAeAD+gACAGD/7AQnBhwAHgAqAGGyFCssERI5sBQQsCLQALAARViwAy8bsQMgPlmwAEVYsBQvG7EUEj5ZsAMQsQgBsAorWCHYG/RZshsUAxESObAbL7EoC7AKK1gh2Bv0WbAM0LAUELEiAbAKK1gh2Bv0WTAxEzQ2MzIXByYjIgYVFAQSFxUUBgYjIgA1NTQSNycmJhMUFjMyNjU0JiciBt3Lr4uGApd8VmUBu88FdtuR3v75vJABY2s+oYmIoKl9iKQE9YifN6A7SD5smf7zxCeZ84UBJ/INpQEIIwUnjP1jsMvKxojbGc0AAAEAY//sA+wETQAlAHKyAyYnERI5ALAARViwFS8bsRUaPlmwAEVYsAovG7EKEj5ZsQMBsAorWCHYG/RZsAoQsAbQsAoQsCLQsCIvsi8iAV2yvyIBXbEjAbAKK1gh2Bv0WbIPIyIREjmyGRUiERI5sBUQsRwBsAorWCHYG/RZMDEBFBYzMjY1MxQGIyImNTQ3JiY1NDYzMhYVIzQmIyIGFRQzMxUjBgEek3Zxm7n/xsz4zVhi58q6+bmPa3CH9MTg6gEwTWJuUZu5sZO6QiR6SZSms45GZVtKoJQGAAABAG3+gQPDBbAAHwBNsgggIRESOQCwDy+wAEVYsAAvG7EAHj5ZsR0BsAorWCHYG/RZsAHQshUgABESObICFQAREjmwFRCxBwGwCitYIdgb9FmyHAAVERI5MDEBFQEGBhUUFhcXFhYVBgYHJzY2NTQkJyYmNTQSNwEhNQPD/qKKZkNS91FHAmxDYi8z/sw2Z1uSfwEd/YMFsHj+VaHlhVphGUgYWE5FrDZUNVUtRE4YLZmBggFAlgFDmAABAJH+YQPwBE4AEgBUsgwTFBESOQCwAEVYsAMvG7EDGj5ZsABFWLAALxuxABo+WbAARViwBy8bsQcUPlmwAEVYsBAvG7EQEj5ZsgEQAxESObADELEMAbAKK1gh2Bv0WTAxARc2MzIWFxEjETQmIyIGBxEjEQE4C3jIvq4BuWyAXIIiugQ6iJzFzPukBFGIfFdO/O8EOgADAHr/7AQSBcQADQAWAB4AlbIDHyAREjmwAxCwE9CwAxCwG9AAsABFWLAKLxuxCh4+WbAARViwAy8bsQMSPlmyDgMKERI5sA4vsl8OAV2y/w4BXbSPDp8OAnG0vw7PDgJxsi8OAXGyzw4BXbIvDgFdtO8O/w4CcbAKELETAbAKK1gh2Bv0WbAOELEYAbAKK1gh2Bv0WbADELEbAbAKK1gh2Bv0WTAxARACIyICAzUQEjMyEhMFITU0JiMiBhUFIRUUFiA2NwQS7N/b7gTs397rBP0hAiWLiIaMAiX925IBBI0CAoD+v/6tAUwBNM0BPQFO/rz+zSw34/Hx488n5frw4wABAMP/9AJLBDoADAApALAARViwAC8bsQAaPlmwAEVYsAkvG7EJEj5ZsQQBsAorWCHYG/RZMDEBERQWMzI3FwYjIhERAXw3QDAnAUZJ+QQ6/Nc/QAyXEwEmAyAAAAEAJf/vBDsF7gAaAFKyEBscERI5ALAAL7AARViwCy8bsQsSPlmwAEVYsBEvG7EREj5ZsAsQsQcBsAorWCHYG/RZshAACxESObAQELAT0LAAELEXAbAKK1gh2Bv0WTAxATIWFwEWFjM3FwYjIiYmJwMBIwEnJiYjByc2AQVieCEBqxQtIyYGJCpNTj4d5v7izgGKYBc1LS8BKgXuUF/7qzMnA5gMJVZQAlH89QQF6zguAo4MAAEAZf53A6kFxAAtAFmyAy4vERI5ALAXL7AARViwKy8bsSsePlmxAgGwCitYIdgb9FmyCC4rERI5sAgvsQkBsAorWCHYG/RZsh4uKxESObAeELEPAbAKK1gh2Bv0WbIlCQgREjkwMQEmIyIGFRQhMxUjBgYVFBYEFhcWFRQGByc3NjU0LgQ1NDY3JiY1NCQzMhcDcoRhjaABTYWWtseQAQ98IE9oSGs5MUzmqXdBpJZ2gwEC5JFwBQgkZ1XbmAKco3CdQSUUMWlApz1UQDw+Jy4zQmmZb5HLLiqYYJ+5JwAAAQAp//QEpAQ6ABQAXrILFRYREjkAsABFWLATLxuxExo+WbAARViwCi8bsQoSPlmwAEVYsA8vG7EPEj5ZsBMQsQABsAorWCHYG/RZsAoQsQUBsAorWCHYG/RZsAAQsA3QsA7QsBHQsBLQMDEBIxEUFjMyNxcGIyIRESERIxEjNSEEcZw2QTAnAUZJ+f5vuakESAOh/XJAQQyXEwEmAof8XwOhmQACAJH+YAQfBE4ADwAbAFmyEhwdERI5sBIQsADQALAARViwAC8bsQAaPlmwAEVYsAovG7EKFD5ZsABFWLAHLxuxBxI+WbIJAAcREjmxEgGwCitYIdgb9FmwABCxGAGwCitYIdgb9FkwMQEyEhcXFAIjIicRIxE0NjYDFjMyNjU0JiMiBhUCUM/0CwHgv8NyunHNhFOrh5aRhXWQBE7+5v5C8P7ofP34A+Se7ID8yJPDw83g2KkAAAEAZf6KA+EETgAiAEuyACMkERI5ALAUL7AARViwAC8bsQAaPlmwAEVYsBsvG7EbEj5ZsAAQsATQsAAQsQcBsAorWCHYG/RZsBsQsQ0BsAorWCHYG/RZMDEBMhYVIzQmIyIGFRUQBRcWFhUGBgcnNzY1NCYnJgI1NTQ2NgI9veevhm+EmwFAhmJQAmNKYi8xRlbs+HfXBE7VtG6D27Mg/vxjJh1gUD+nPlU2PEYrKxM0AQHTKpj7iQACAGD/7AR7BDoAEQAdAE6yCB4fERI5sAgQsBXQALAARViwEC8bsRAaPlmwAEVYsAgvG7EIEj5ZsBAQsQABsAorWCHYG/RZsAgQsRUBsAorWCHYG/RZsAAQsBvQMDEBIRYRFRQGBiMiADU1NDY2NyEBFBYzMjY1NCYjIgYEe/7kyHrdjNr+9nbZjAJA/J+gioufoYuJnwOhlP7vEYzriAEv/w2Y8ogB/de319nLrM7MAAEAUf/sA9kEOgAQAEuyChESERI5ALAARViwDy8bsQ8aPlmwAEVYsAkvG7EJEj5ZsA8QsQABsAorWCHYG/RZsAkQsQQBsAorWCHYG/RZsAAQsA3QsA7QMDEBIREUMzI3FwYjIiYnESE1IQPZ/o1pKzEqTGp9dQH+pQOIA6T9aYUagjSTkgKTlgABAI//7AP2BDoAEgA9sg4TFBESOQCwAEVYsAAvG7EAGj5ZsABFWLAILxuxCBo+WbAARViwDi8bsQ4SPlmxAwGwCitYIdgb9FkwMQEREDMyNjUmAzMWERAAIyImJxEBScmBqgV2w3H+/9rCyAIEOv15/s/6tucBIfH+6f75/sHg1wKXAAACAFf+IgVMBDoAGQAiAF6yDyMkERI5sA8QsBrQALAYL7AARViwBi8bsQYaPlmwAEVYsBAvG7EQGj5ZsABFWLAXLxuxFxI+WbAA0LAXELEaAbAKK1gh2Bv0WbAM0LAQELEgAbAKK1gh2Bv0WTAxBSQANTQSNxcGBxQWFxE0NjMyFhYVFAAFESMTNjY1JiYjIhUCbP8A/uuBf2WhCrWminGC4YL+3v77ubmqxAWlgkIRFwEz+6gBB1eFjPWt5RoCzGl9jfiV8/7XFf4zAmYW3qSp2FIAAAEAX/4oBUMEOgAZAFmyABobERI5ALANL7AARViwAC8bsQAaPlmwAEVYsAYvG7EGGj5ZsABFWLATLxuxExo+WbAARViwDC8bsQwSPlmxAQGwCitYIdgb9FmwDBCwD9CwARCwGNAwMQERNjY1JgMzFhEQAAURIxEmABERMxEWFhcRAxyrwwV6wnb+4/72uf/++7oCpqIEOvxOGOWy6AEb7P7p/v3+0BX+OQHJGgE2ARMB5v4OwuQZA7EAAAEAev/sBhkEOgAjAFuyGyQlERI5ALAARViwAC8bsQAaPlmwAEVYsBMvG7ETGj5ZsABFWLAZLxuxGRI+WbAARViwHi8bsR4SPlmxBQGwCitYIdgb9FmyCQAeERI5sA7QshsTGRESOTAxAQIHFBYzMjY1ETMRFhYzMjY1JgMzFhEQAiMiJwYGIyICERA3AcSKB3JqbHG7AXFranIHisOHz7zwVSmkd7zPhwQ6/uXvy+OtpgEt/s6kquLM7wEb9P7q/u3+z+51eQExARMBH+sAAgB5/+wEeQXGAB8AKABxshQpKhESObAUELAm0ACwAEVYsBkvG7EZHj5ZsABFWLAGLxuxBhI+WbIdGQYREjmwHS+xAgGwCitYIdgb9FmyCxkGERI5sAYQsQ8BsAorWCHYG/RZsAIQsBPQsB0QsCPQsBkQsSYBsAorWCHYG/RZMDEBBgcVBgYjIiY1ETcRFBYzMjY1NSYANTQ2MzIWFRE2NwEUFhcRJiMiFQR5PFMC5cjL97qMfHSC2f7zuJafsj9I/ZSiigWTlAJzFwmm0+731wFHAv6wj5uSmKYfARrZoLvFsv6hBRMBUoW9HgFoxsQAAf/aAAAEbgW8ABoASrIAGxwREjkAsABFWLAELxuxBB4+WbAARViwFy8bsRcePlmwAEVYsA0vG7ENEj5ZsgAEDRESObAEELEJAbAKK1gh2Bv0WbAS0DAxARM2NjMyFwcmIyIHAREjEQEmIyIHJzYzMhYXAiThK2tXSDQkDSdGJP7Xv/7YJ0MnDSQ0R1hrKgMGAftjWBuXCE/9d/3GAjwCh08IlhxUXQAAAgBK/+wGGwQ6ABIAJgBysggnKBESObAIELAe0ACwAEVYsBEvG7ERGj5ZsABFWLAGLxuxBhI+WbAARViwCi8bsQoSPlmwERCxAAGwCitYIdgb9FmyCBEGERI5sA/QsBDQsBXQsBbQsAoQsRsBsAorWCHYG/RZsh8KERESObAk0DAxASMWFRACIyInBiMiAhE0NyM1IQEmJyEGBxQWMzI2NxEzERYWMzI2BhuIQLyr8VNT8Kq9QHQF0f7+BEr8u0sEYFhpcQK7AnFqVmADoazF/u/+ze/vATABFL+ymf32qsfIqcvjp6IBB/75oqfiAAEAKv/1BbEFsAAYAGSyERkaERI5ALAARViwFy8bsRcePlmwAEVYsAkvG7EJEj5ZsBcQsQABsAorWCHYG/RZsgQXCRESObAEL7AJELEKAbAKK1gh2Bv0WbAEELEQAbAKK1gh2Bv0WbAAELAV0LAW0DAxASERNjMyBBAEIycyNjUmJiMiBxEjESE1IQSU/fadhPQBEv787QKbmAKjopaKwf5hBGoFEv45MPH+TuOWkZSOli79WgUSngABAHv/7ATcBcQAHwCJsgMgIRESOQCwAEVYsAsvG7ELHj5ZsABFWLADLxuxAxI+WbALELAP0LALELESAbAKK1gh2Bv0WbIWAwsREjmwFi+0vxbPFgJxss8WAV2ynxYBcbL/FgFdsi8WAV2yXxYBcrKPFgFysRcBsAorWCHYG/RZsAMQsRwBsAorWCHYG/RZsAMQsB/QMDEBBgQjIAARNTQSJDMyABcjJiYjIgIHIRUhFRQSMzI2NwTcG/7h7v7+/smPAQuw6AEYF8AZp5e5zgICOv3GxrKgqxwBzuf7AXIBNovJATWn/v3lrJ7+8eqdAu3+6JG0AAACADEAAAg7BbAAGAAhAHeyCSIjERI5sAkQsBnQALAARViwAC8bsQAePlmwAEVYsAgvG7EIEj5ZsABFWLAQLxuxEBI+WbIBAAgREjmwAS+wABCxCgGwCitYIdgb9FmwEBCxEgGwCitYIdgb9FmwARCxGQGwCitYIdgb9FmwEhCwGtCwG9AwMQERIRYEFRQEByERIQMCAgYHIzU3PgI3EwERITI2NTQmJwTuAWneAQb+/t790/4AGg9ZrJA/KF1kNAseA3cBX4yinYoFsP3LA/DLxvMEBRL9v/7e/tyJAp0CB2vq8wLC/S39wJ6EgJwCAAACALEAAAhNBbAAEgAbAIWyARwdERI5sAEQsBPQALAARViwEi8bsRIePlmwAEVYsAIvG7ECHj5ZsABFWLAPLxuxDxI+WbAARViwDC8bsQwSPlmyAAIPERI5sAAvsgQMAhESObAEL7AAELEOAbAKK1gh2Bv0WbAEELETAbAKK1gh2Bv0WbAMELEUAbAKK1gh2Bv0WTAxASERMxEhFgQVFAQHIREhESMRMwERITI2NTQmJwFyAs7AAWriAQH+/9/90/0ywcEDjgFfjqCYigM5Anf9ngPivb/pBAKc/WQFsP0B/fWOenSMAwAAAQA+AAAF1AWwABUAX7IOFhcREjkAsABFWLAULxuxFB4+WbAARViwCC8bsQgSPlmwAEVYsBAvG7EQEj5ZsBQQsQABsAorWCHYG/RZsgQUCBESObAEL7ENAbAKK1gh2Bv0WbAAELAS0LAT0DAxASERNjMyFhcRIxEmJiMiBxEjESE1IQSm/fCgr/ryA8EBiaSppsD+aARoBRL+UCja3f4tAc6Yhir9PgUSngABALD+mQT/BbAACwBJALAJL7AARViwAC8bsQAePlmwAEVYsAQvG7EEHj5ZsABFWLAGLxuxBhI+WbAARViwCi8bsQoSPlmxAgGwCitYIdgb9FmwA9AwMRMzESERMxEhESMRIbDBAs7A/kDB/jIFsPrtBRP6UP6ZAWcAAAIAogAABLEFsAAMABUAXrIPFhcREjmwDxCwA9AAsABFWLALLxuxCx4+WbAARViwCS8bsQkSPlmwCxCxAAGwCitYIdgb9FmyAgsJERI5sAIvsQ0BsAorWCHYG/RZsAkQsQ4BsAorWCHYG/RZMDEBIREhFgQVFAQHIREhAREhMjY1NCYnBCH9QgFq5AEA/v7f/dIDf/1CAV+Pn5mNBRL+TAPkxMXqBAWw/RD93ZiAe44CAAACADL+mgXJBbAADgAVAF2yEhYXERI5sBIQsAvQALAEL7AARViwCy8bsQsePlmwAEVYsAIvG7ECEj5ZsAQQsAHQsAIQsQYBsAorWCHYG/RZsA3QsA7QsA/QsBDQsAsQsREBsAorWCHYG/RZMDEBIxEhESMDMzYSNxMhETMhIREhAwYCBce/++vAAXdebw4gA2e++7sCxv4TFQ1r/psBZf6aAgNqAWXVAm/67QR1/lT7/p4AAQAbAAAHNQWwABUAhwCwAEVYsAkvG7EJHj5ZsABFWLANLxuxDR4+WbAARViwES8bsREePlmwAEVYsAIvG7ECEj5ZsABFWLAGLxuxBhI+WbAARViwFC8bsRQSPlmwAhCwENCwEC+yLxABXbLPEAFdsQABsAorWCHYG/RZsATQsggQABESObAQELAL0LITABAREjkwMQEjESMRIwEjAQEzATMRMxEzATMBASMEqJzApf5k8AHq/jzjAYOlwJ4Bg+L+PAHq7wKY/WgCmP1oAwACsP2IAnj9iAJ4/VH8/wAAAQBQ/+wEagXEACgAdbIDKSoREjkAsABFWLALLxuxCx4+WbAARViwFi8bsRYSPlmwCxCxAwGwCitYIdgb9FmwCxCwBtCyJRYLERI5sCUvss8lAV2ynyUBcbEkAbAKK1gh2Bv0WbIRJCUREjmwFhCwG9CwFhCxHgGwCitYIdgb9FkwMQE0JiMiBhUjNDY2MzIEFRQGBwQVFAQjIiYmNTMUFjMyNjUQJSM1MzY2A5SpmYCtwH/kivQBDnxvAQH+3PSR7YTAtoydu/7DtLOSlgQpdImNaHS4Z9vDZaYwVv/E5me+g3OZkngBAAWeA34AAAEAsQAABP8FsAAJAF0AsABFWLAALxuxAB4+WbAARViwBy8bsQcePlmwAEVYsAIvG7ECEj5ZsABFWLAFLxuxBRI+WbIEAAIREjlACYoEmgSqBLoEBF2yCQACERI5QAmFCZUJpQm1CQRdMDEBMxEjEQEjETMRBD/AwP0zwcEFsPpQBGL7ngWw+54AAAEALwAABPYFsAARAE+yBBITERI5ALAARViwAC8bsQAePlmwAEVYsAEvG7EBEj5ZsABFWLAJLxuxCRI+WbAAELEDAbAKK1gh2Bv0WbAJELELAbAKK1gh2Bv0WTAxAREjESEDAgIGByM1Nz4CNxME9sD99hoPWayQPyhdZDQLHgWw+lAFEv2//t7+3IkCnQIHa+rzAsIAAAEATf/rBMsFsAARAEuyBBITERI5ALAARViwAS8bsQEePlmwAEVYsBAvG7EQHj5ZsABFWLAHLxuxBxI+WbIAAQcREjmxCwGwCitYIdgb9FmyDwcQERI5MDEBATMBDgIjIic3FzI/AgEzAp0BT9/9/TRaeVtPFgZbaTMZJv4Q1wJjA037Q3RhMwmYBGU0WQQ2AAMAU//EBeMF7AAYACEAKgBdsgwrLBESObAMELAg0LAMELAi0ACwCy+wFy+yFRcLERI5sBUvsADQsgkLFxESObAJL7AN0LAVELEZAbAKK1gh2Bv0WbAJELEkAbAKK1gh2Bv0WbAf0LAZELAi0DAxATMWBBIVFAIEByMVIzUjIiQCEBIkMzM1MwMiBhUUFjMzETMRMzI2NTQmIwN4H6UBEJeY/vSkI7ocp/7vl5cBEaccuta829q/Grocv9fXwwUeAZj+9aWm/vKXAsTEmAEMAU4BDJjO/pvnzc7lA2f8mevKyOoAAAEAr/6hBZcFsAALADwAsAkvsABFWLAALxuxAB4+WbAARViwBC8bsQQePlmwAEVYsAovG7EKEj5ZsQIBsAorWCHYG/RZsAbQMDETMxEhETMRMwMjESGvwQLOwJkSrfvXBbD67QUT+vH+AAFfAAEAlgAABMgFsAASAEeyBRMUERI5ALAARViwAC8bsQAePlmwAEVYsAovG7EKHj5ZsABFWLABLxuxARI+WbIPAAEREjmwDy+xBgGwCitYIdgb9FkwMQERIxEGBiMiJicRMxEWFjMyNxEEyMFprG758gPBAYmjvsUFsPpQAlseF9jfAdP+MpiGNgK2AAEAsAAABtcFsAALAEkAsABFWLAALxuxAB4+WbAARViwAy8bsQMePlmwAEVYsAcvG7EHHj5ZsABFWLAJLxuxCRI+WbEBAbAKK1gh2Bv0WbAF0LAG0DAxAREhETMRIREzESERAXEB9b8B8sD52QWw+u0FE/rtBRP6UAWwAAABALD+oQdqBbAADwBVALALL7AARViwAC8bsQAePlmwAEVYsAMvG7EDHj5ZsABFWLAHLxuxBx4+WbAARViwDS8bsQ0SPlmxAQGwCitYIdgb9FmwBdCwBtCwCdCwCtCwAtAwMQERIREzESERMxEzAyMRIREBcQH1vwHywJMSpfn9BbD67QUT+u0FE/rn/goBXwWwAAIAEAAABbgFsAAMABUAYbIBFhcREjmwARCwDdAAsABFWLAALxuxAB4+WbAARViwCS8bsQkSPlmyAgAJERI5sAIvsAAQsQsBsAorWCHYG/RZsAIQsQ0BsAorWCHYG/RZsAkQsQ4BsAorWCHYG/RZMDETIREhMgQVFAQHIREhAREhMjY1NCYnEAJbAVrvAQT+/uL91v5mAlsBX46fmYwFsP2u5cbF6wMFGP2o/d2YgHuOAgADALIAAAYwBbAACgATABcAb7ISGBkREjmwEhCwBtCwEhCwFdAAsABFWLAJLxuxCR4+WbAARViwFi8bsRYePlmwAEVYsAcvG7EHEj5ZsABFWLAULxuxFBI+WbIACQcREjmwAC+xCwGwCitYIdgb9FmwBxCxDAGwCitYIdgb9FkwMQEhFgQVFAQHIREzEREhMjY1NCYnASMRMwFyAWrkAQD+/t/908ABX4+fmY0DV8DAA14D5MTF6gQFsP0Q/d2YgHuOAv1ABbAAAAIAowAABLEFsAAKABMAT7INFBUREjmwDRCwAdAAsABFWLAJLxuxCR4+WbAARViwBy8bsQcSPlmyAAkHERI5sAAvsQsBsAorWCHYG/RZsAcQsQwBsAorWCHYG/RZMDEBIRYEFRQEByERMxERITI2NTQmJwFjAWrkAQD+/t/908ABX4+fmY0DXgPkxMXqBAWw/RD93ZiAe44CAAABAJP/7AT0BcQAHwCSsgwgIRESOQCwAEVYsBMvG7ETHj5ZsABFWLAcLxuxHBI+WbAA0LAcELEDAbAKK1gh2Bv0WbIIHBMREjmwCC+07wj/CAJxss8IAV2yLwgBcbS/CM8IAnGynwgBcbL/CAFdsi8IAV2yXwgBcrKPCAFysQYBsAorWCHYG/RZsBMQsQwBsAorWCHYG/RZsBMQsA/QMDEBFhYzMhI3ITUhNAIjIgYHIzYAMzIEEhUVFAIEIyIkJwFUHKugrckC/cMCPc+6lqcZwRcBGOiwAQuPjv79qO7+4RsBzrSRAQ7wnu0BFJyu5QEDp/7LyZHJ/syl++cAAAIAt//sBtoFxAAXACUApLIhJicREjmwIRCwEtAAsABFWLATLxuxEx4+WbAARViwDS8bsQ0ePlmwAEVYsAQvG7EEEj5ZsABFWLAKLxuxChI+WbIPCg0REjmwDy+yXw8BXbL/DwFdtE8PXw8CcbSPD58PAnGyLw8BcbLPDwFdsi8PAV2yzw8BcbEIAbAKK1gh2Bv0WbATELEbAbAKK1gh2Bv0WbAEELEiAbAKK1gh2Bv0WTAxARQCBCMiJAInIxEjETMRMzYSJDMyBBIVJxACIyICBxUUEjMyEjcG2pD++LCm/vmVCNHAwNADkAEKrK8BC5C/0Lu20QPTubrMAwKp1v7BqKABKsf9gwWw/WTOATerqf6/1QIBAwEV/uv2a/v+4QEP/QACAFkAAARkBbAADAAVAGOyEBYXERI5sBAQsArQALAARViwCi8bsQoePlmwAEVYsAAvG7EAEj5ZsABFWLADLxuxAxI+WbIRCgAREjmwES+xAQGwCitYIdgb9FmyBQEKERI5sAoQsRIBsAorWCHYG/RZMDEhESEBIwEkETQkMyERARQWFyERISIGA6P+sP7TzQFS/uYBEfMBz/ztpZMBGv7vnKUCN/3JAmxvAR7Q5/pQA/mEoAECPpQAAgBh/+wEKAYRABsAKABkshwpKhESObAcELAI0ACwAEVYsBIvG7ESID5ZsABFWLAILxuxCBI+WbIAEggREjmwAC+yFwASERI5sg8SFxESObIaAAgREjmxHAGwCitYIdgb9FmwCBCxIwGwCitYIdgb9FkwMQEyEhUVFAYGIyIANTUQEjc2NjUzFAYHBwYGBzYXIgYVFRQWMzI2NTQmAmfM9XbdkNr+9v33jGKYcXyKpaUZk6+IoKGJiqChA/z+798RmfGFASP1WgFVAZIsGUg/fYwdHye5mqqYt6IQrsvMxJm5AAMAnQAABCkEOgAOABYAHACRshgdHhESObAYELAC0LAYELAW0ACwAEVYsAEvG7EBGj5ZsABFWLAALxuxABI+WbIXAQAREjmwFy+0vxfPFwJdtJ8XrxcCcbL/FwFdsg8XAXG0Lxc/FwJdtG8XfxcCcrEPAbAKK1gh2Bv0WbIIDxcREjmwABCxEAGwCitYIdgb9FmwARCxGwGwCitYIdgb9FkwMTMRITIWFRQGBxYWFRQGIwERITI2NTQjJTMgECcjnQGm2OdaWGJ328j+0AEydHPu/tXvAQT2/QQ6l5JLeSAXhl2VngHb/rpWTqKUATAFAAEAmgAAA0cEOgAFACwAsABFWLAELxuxBBo+WbAARViwAi8bsQISPlmwBBCxAAGwCitYIdgb9FkwMQEhESMRIQNH/g26Aq0DofxfBDoAAAIALv7CBJMEOgAOABQAXbISFRYREjmwEhCwBNAAsAwvsABFWLAELxuxBBo+WbAARViwCi8bsQoSPlmxAAGwCitYIdgb9FmwBtCwB9CwDBCwCdCwBxCwD9CwENCwBBCxEQGwCitYIdgb9FkwMTc3NhMTIREzESMRIREjEyEhESEDAoNAbA8RArmLuf0NuQEBLwHx/rMLEZdPjAEYAbD8Xf4rAT7+wgHVAvj+/v69AAEAFQAABgQEOgAVAJEAsABFWLAJLxuxCRo+WbAARViwDS8bsQ0aPlmwAEVYsBEvG7ERGj5ZsABFWLACLxuxAhI+WbAARViwBi8bsQYSPlmwAEVYsBQvG7EUEj5ZsAIQsBDQsBAvsr8QAV2y/xABXbIvEAFdss8QAXGxAAGwCitYIdgb9FmwBNCyCBAAERI5sBAQsAvQshMAEBESOTAxASMRIxEjASMBATMBMxEzETMBMwEBIwPrgrmC/tHqAYP+ouABF3+5fgEZ4P6hAYPqAdb+KgHW/ioCMAIK/kABwP5AAcD99f3RAAABAFj/7QOsBE0AJgCJsgMnKBESOQCwAEVYsAovG7EKGj5ZsABFWLAVLxuxFRI+WbAKELEDAbAKK1gh2Bv0WbIlChUREjmwJS+0LyU/JQJdtL8lzyUCXbSfJa8lAnG0byV/JQJysgYlChESObEiAbAKK1gh2Bv0WbIQIiUREjmyGRUKERI5sBUQsRwBsAorWCHYG/RZMDEBNCYjIgYVIzQ2MzIWFRQGBxYVFAYjIiY1MxQWMzI2NTQmIyM1MzYC33RlYoO47LG+1FhRvebAu/O4jWlqgm1zucm9AxJMWWZFjbSjl0l6JEC8la63nE9xYk5bT5wFAAABAJwAAAQBBDoACQBFALAARViwAC8bsQAaPlmwAEVYsAcvG7EHGj5ZsABFWLACLxuxAhI+WbAARViwBS8bsQUSPlmyBAcCERI5sgkHAhESOTAxATMRIxEBIxEzEQNIubn+Dbm5BDr7xgMV/OsEOvzqAAABAJwAAAQ/BDoADAB4ALAARViwBC8bsQQaPlmwAEVYsAgvG7EIGj5ZsABFWLACLxuxAhI+WbAARViwCy8bsQsSPlmwAhCwBtCwBi+ynwYBXbL/BgFdss8GAXGynwYBcbS/Bs8GAl2yLwYBXbJvBgFysQEBsAorWCHYG/RZsgoBBhESOTAxASMRIxEzETMBMwEBIwHdh7q6eQFs4P5UAdDrAc3+MwQ6/jYByv34/c4AAAEALAAABAMEOgAPAE+yBBARERI5ALAARViwAC8bsQAaPlmwAEVYsAEvG7EBEj5ZsABFWLAILxuxCBI+WbAAELEDAbAKK1gh2Bv0WbAIELEKAbAKK1gh2Bv0WTAxAREjESEDAgYHIzU3NjY3EwQDuv6QFhKXpEo1Wk4LFAQ6+8YDof5r/unwBaMECrz+Ac8AAAEAnQAABVIEOgAMAFkAsABFWLABLxuxARo+WbAARViwCy8bsQsaPlmwAEVYsAMvG7EDEj5ZsABFWLAGLxuxBhI+WbAARViwCS8bsQkSPlmyAAsDERI5sgULAxESObIICwMREjkwMSUBMxEjEQEjAREjETMC+wFw57n+ooD+m7nw9QNF+8YDE/ztAyT83AQ6AAEAnAAABAAEOgALAIsAsABFWLAGLxuxBho+WbAARViwCi8bsQoaPlmwAEVYsAAvG7EAEj5ZsABFWLAELxuxBBI+WbAAELAJ0LAJL7JvCQFdtL8JzwkCXbI/CQFxtM8J3wkCcbIPCQFytJ8JrwkCcbL/CQFdsg8JAXGynwkBXbIvCQFdtG8JfwkCcrECAbAKK1gh2Bv0WTAxISMRIREjETMRIREzBAC5/g+6ugHxuQHO/jIEOv4rAdUAAAEAnAAABAEEOgAHADkAsABFWLAGLxuxBho+WbAARViwAC8bsQASPlmwAEVYsAQvG7EEEj5ZsAYQsQIBsAorWCHYG/RZMDEhIxEhESMRIQQBuf4OugNlA6H8XwQ6AAABACgAAAOwBDoABwAyALAARViwBi8bsQYaPlmwAEVYsAIvG7ECEj5ZsAYQsQABsAorWCHYG/RZsATQsAXQMDEBIREjESE1IQOw/pW5/pwDiAOk/FwDpJYAAwBk/mAFaQYAABoAJQAwAIGyBzEyERI5sAcQsCDQsAcQsCvQALAGL7AARViwAy8bsQMaPlmwAEVYsAovG7EKGj5ZsABFWLATLxuxExQ+WbAARViwEC8bsRASPlmwAEVYsBcvG7EXEj5ZsAoQsR4BsAorWCHYG/RZsBAQsSMBsAorWCHYG/RZsCnQsB4QsC7QMDETEBIzMhcRMxE2MzISERQCIyInESMRBiMiAjUlNCYjIgcRFjMyNiUUFjMyNxEmIyIGZNK3VUC5Rl640tG3YUW5QlW20QRMjHs/Ly1DfIn8bYJ6Oi8qPXqEAgkBDwE2HQHP/isj/sr+3O/+5iD+VQGoHQEa9Q/M4RT88RHAsra8EgMREdoAAAEAnP6/BIIEOgALADwAsAgvsABFWLAALxuxABo+WbAARViwBC8bsQQaPlmwAEVYsAovG7EKEj5ZsQIBsAorWCHYG/RZsAbQMDETMxEhETMRMwMjESGcugHyuYESpvzSBDr8XQOj/F3+KAFBAAEAZwAAA70EOwAQAEeyBBESERI5ALAARViwCC8bsQgaPlmwAEVYsA8vG7EPGj5ZsABFWLAALxuxABI+WbIMDwAREjmwDC+xBAGwCitYIdgb9FkwMSEjEQYjIiYnETMRFjMyNxEzA726eoDL1QK5BeSAeroBiCDQwAFD/rfyIAIaAAABAJwAAAXgBDoACwBJALAARViwAC8bsQAaPlmwAEVYsAMvG7EDGj5ZsABFWLAHLxuxBxo+WbAARViwCS8bsQkSPlmxAQGwCitYIdgb9FmwBdCwBtAwMQERIREzESERMxEhEQFWAYy5AYu6+rwEOvxdA6P8XQOj+8YEOgAAAQCR/r8GbQQ6AA8ATACwDC+wAEVYsAAvG7EAGj5ZsABFWLADLxuxAxo+WbAARViwBy8bsQcaPlmwAEVYsA0vG7ENEj5ZsQEBsAorWCHYG/RZsAXQsAnQMDEBESERMxEhETMRMwMjESERAUsBjLkBi7qYEqb63AQ6/F0Do/xdA6P8Xf4oAUEEOgAAAgAeAAAEvwQ6AAwAFQBhsgEWFxESObABELAN0ACwAEVYsAAvG7EAGj5ZsABFWLAJLxuxCRI+WbICAAkREjmwAi+wABCxCwGwCitYIdgb9FmwAhCxDQGwCitYIdgb9FmwCRCxDgGwCitYIdgb9FkwMRMhESEWFhUUBiMhESEBESEyNjU0JiceAfoBGbjW3Lr+Nv6/AfoBE2hyb2QEOv6LAryhosQDov6M/mlrXVpzAgADAJ0AAAV/BDoACgAOABcAb7IGGBkREjmwBhCwDNCwBhCwE9AAsABFWLAJLxuxCRo+WbAARViwDS8bsQ0aPlmwAEVYsAcvG7EHEj5ZsABFWLALLxuxCxI+WbIADQcREjmwAC+xDwGwCitYIdgb9FmwBxCxEAGwCitYIdgb9FkwMQEhFhYVFAYjIREzASMRMwERITI2NTQmJwFWARm41ty6/ja5BCm6uvvXARNocm9kAsUCvKGixAQ6+8YEOv30/mlrXVpzAgACAJ0AAAP9BDoACgATAE+yBxQVERI5sAcQsA3QALAARViwCS8bsQkaPlmwAEVYsAcvG7EHEj5ZsgAJBxESObAAL7ELAbAKK1gh2Bv0WbAHELEMAbAKK1gh2Bv0WTAxASEWFhUUBiMhETMRESEyNjU0JicBVgEZuNbcuv42uQETaHJvZALFAryhosQEOv30/mlrXVpzAgABAGT/7APgBE4AHwCFsgAgIRESOQCwAEVYsAgvG7EIGj5ZsABFWLAQLxuxEBI+WbAIELEAAbAKK1gh2Bv0WbIdCBAREjmwHS+0Lx0/HQJdtL8dzx0CXbSfHa8dAnG0bx1/HQJysgMIHRESObIUEAgREjmwEBCxFwGwCitYIdgb9FmwHRCxGgGwCitYIdgb9FkwMQEiBhUjNDY2MzIAFRUUBgYjIiY1MxQWMzI2NyE1ISYmAghjkbB2xGrTAQV314q08LCOZneaDP5qAZQOlgO2flZdqmX+z/YfmPuJ4Kdmi7ihmJKxAAIAnf/sBjAETgAUAB8AoLINICEREjmwDRCwFdAAsABFWLAULxuxFBo+WbAARViwBC8bsQQaPlmwAEVYsBEvG7EREj5ZsABFWLAMLxuxDBI+WbIAERQREjmwAC+0vwDPAAJdtJ8ArwACcbL/AAFdsg8AAXG0LwA/AAJdtl8AbwB/AANysRABsAorWCHYG/RZsAwQsRgBsAorWCHYG/RZsAQQsR0BsAorWCHYG/RZMDEBITYAMzIAFxcUBgYjIgAnIREjETMBFBYgNjU0JiMiBgFWAQQVAQnK1AEOCwF84JDR/vYQ/v25uQG6pwEapaiMiqgCb9gBB/7i5Tqe/okBEdr+KQQ6/de02t7Gsd7aAAIALwAAA8cEOgANABYAY7IUFxgREjmwFBCwDdAAsABFWLAALxuxABo+WbAARViwAS8bsQESPlmwAEVYsAUvG7EFEj5ZshIAARESObASL7EDAbAKK1gh2Bv0WbIHAwAREjmwABCxEwGwCitYIdgb9FkwMQERIxEhAyMBJiY1NDY3AxQWFyERISIGA8e6/un/yAEQaG/eut5sWQEm/vZnegQ6+8YBpf5bAcEmn2qUtQH+tE9hAQFnZQAB/+j+SwPfBgAAIgCHsg0jJBESOQCwHy+wAEVYsAQvG7EEGj5ZsABFWLAZLxuxGRI+WbAARViwCi8bsQoUPlmyvx8BXbIvHwFdsg8fAV2yHhkfERI5sB4vsCHQsQEBsAorWCHYG/RZsgIZBBESObAKELEPAbAKK1gh2Bv0WbAEELEVAbAKK1gh2Bv0WbABELAb0DAxASERNjMgExEUBiMiJzcWMjY1ETQmIyIGBxEjESM1MzUzFSECY/7ie8UBVwOqmD02DyOCSGlwWogmuaSkuQEeBLn+/pf+ffzcqrISkw1oXAMgeHJgTvz9BLmYr68AAAEAZ//sA/cETgAfAJ+yACAhERI5ALAARViwEC8bsRAaPlmwAEVYsAgvG7EIEj5ZsQABsAorWCHYG/RZsgMIEBESObIbEAgREjmwGy+0DxsfGwJytL8bzxsCXbSfG68bAnG0zxvfGwJxsv8bAV2yDxsBcbQvGz8bAl20bxt/GwJysr8bAXKyFBAbERI5sBAQsRcBsAorWCHYG/RZsBsQsRwBsAorWCHYG/RZMDElMjY3Mw4CIyIAETU0NjYzMhYXIyYmIyIGByEVIRYWAkhjlAiwBXjEbt7+/XXYlLbxCLAIj2iCmgoBlP5sCpmDeFpeqGMBKAEAHp/3htquaYexnZigrQAAAgAnAAAGhgQ6ABYAHwB9sgkgIRESObAJELAX0ACwAEVYsAAvG7EAGj5ZsABFWLAILxuxCBI+WbAARViwDy8bsQ8SPlmyAQAIERI5sAEvsAAQsQoBsAorWCHYG/RZsA8QsREBsAorWCHYG/RZsAEQsRcBsAorWCHYG/RZsAgQsRgBsAorWCHYG/RZMDEBESEWFhUUBgchESEDAgYHIzU3NjY3EwERITI2NTQmJwPfAR6209O3/in+rxcUnKVBNlVNDRcCvAETZXVyYwQ6/mQDtZSTvAMDof5a/uvkAqMECqfTAg/9zP6PaVZRYAEAAAIAnAAABqcEOgASABsAfrIBHB0REjmwARCwE9AAsABFWLACLxuxAho+WbAARViwES8bsREaPlmwAEVYsAsvG7ELEj5ZsABFWLAPLxuxDxI+WbIBEQsREjmwAS+wBNCwARCxDQGwCitYIdgb9FmwBBCxEwGwCitYIdgb9FmwCxCxFAGwCitYIdgb9FkwMQEhETMRIRYWFRQGIyERIREjETMBESEyNjU0JicBVgHxuQEitNHZvf42/g+6ugKqARNldXJjAqEBmf5jBLGWl7sCCv32BDr9zP6PaVZRYAEAAAH//QAAA98GAAAZAHuyDBobERI5ALAWL7AARViwBC8bsQQaPlmwAEVYsAcvG7EHEj5ZsABFWLAQLxuxEBI+WbK/FgFdsi8WAV2yDxYBXbIZEBYREjmwGS+xAAGwCitYIdgb9FmyAgQHERI5sAQQsQwBsAorWCHYG/RZsAAQsBLQsBkQsBTQMDEBIRE2MyATESMRJiYjIgYHESMRIzUzNTMVIQJ5/sx7xQFXA7kBaW9aiCa5j4+5ATQEvv75l/59/TUCzHVwYE78/QS+l6urAAABAJz+nAQBBDoACwBGALAIL7AARViwAC8bsQAaPlmwAEVYsAMvG7EDGj5ZsABFWLAFLxuxBRI+WbAARViwCS8bsQkSPlmxAQGwCitYIdgb9FkwMQERIREzESERIxEhEQFWAfK5/q25/qcEOvxdA6P7xv6cAWQEOgABAJz/7AZ1BbAAIABhsgchIhESOQCwAEVYsAAvG7EAHj5ZsABFWLAOLxuxDh4+WbAARViwFy8bsRcePlmwAEVYsAQvG7EEEj5ZsABFWLAKLxuxChI+WbIHAAQREjmxEwGwCitYIdgb9FmwHNAwMQERFAYjIiYnBgYjIiYnETMRFBYzMjY1ETMRFBYzMjY1EQZ14cNtqzE0snG91wHBcmJygsd8aWp6BbD73sbcV1lZV9vDBCb73XuKiXwEI/vdfYiJfQQiAAABAIH/6wWtBDoAHgBhsgYfIBESOQCwAEVYsAAvG7EAGj5ZsABFWLAMLxuxDBo+WbAARViwFS8bsRUaPlmwAEVYsAQvG7EEEj5ZsABFWLAILxuxCBI+WbIGFQQREjmxEQGwCitYIdgb9FmwGtAwMQERFAYjIicGIyImJxEzERYWMzI2NREzERQWMzI2NxEFrcquxllfzqfAAbkBW1Nib7plXFllAQQ6/SewxpSUw7AC3P0jZnV4ZwLZ/SdneHVmAt0AAAL/3AAAA/wGFgARABoAdLIUGxwREjmwFBCwA9AAsABFWLAOLxuxDiA+WbAARViwCC8bsQgSPlmyEQ4IERI5sBEvsQABsAorWCHYG/RZsgIOCBESObACL7AAELAK0LARELAM0LACELESAbAKK1gh2Bv0WbAIELETAbAKK1gh2Bv0WTAxASERIRYWEAYHIREjNTMRMxEhAREhMjY1NCYnApb+vwEYu9TUt/4qv7+6AUH+vwESaXFvZAQ6/rACyv620QMEOpcBRf67/YH+RXdkYX0CAAEAt//tBqAFxQAmAIqyHicoERI5ALAARViwBS8bsQUePlmwAEVYsCYvG7EmHj5ZsABFWLAdLxuxHRI+WbAARViwIy8bsSMSPlmyEAUdERI5sBAvsADQsAUQsAnQsAUQsQwBsAorWCHYG/RZsBAQsREBsAorWCHYG/RZsB0QsRYBsAorWCHYG/RZsB0QsBnQsBEQsCHQMDEBMzYSJDMyABcjJiYjIgIHIRUhFRQSMzI2NzMGBCMgABE1IxEjETMBeMcFkwEGrOYBGRjAGaeXtM8GAh794sayo6kcwBv+4e7+/v7Jx8HBA0DBASae/wDorJ7+++KXGu3+6JOy5/sBcgE2FP1XBbAAAAEAmf/sBaEETgAkAMeyAyUmERI5ALAARViwBC8bsQQaPlmwAEVYsCQvG7EkGj5ZsABFWLAhLxuxIRI+WbAARViwHC8bsRwSPlmyDxwEERI5sA8vtL8Pzw8CXbQ/D08PAnG0zw/fDwJxtA8PHw8CcrSfD68PAnGy/w8BXbIPDwFxtC8PPw8CXbRvD38PAnKwANCyCA8EERI5sAQQsQsBsAorWCHYG/RZsA8QsRABsAorWCHYG/RZsBwQsRQBsAorWCHYG/RZshccBBESObAQELAf0DAxATM2EjMyFhcjJiYjIgYHIRUhFhYzMjY3Mw4CIyICJyMRIxEzAVO/EP/RtvEIsAiPaISYCgG1/ksKmYNjlAiwBXjEbtH+EMC6ugJn3wEI2q5ph7Gel6CteFpeqGMBBt7+MAQ6AAIAKAAABOQFsAALAA4AVwCwAEVYsAgvG7EIHj5ZsABFWLACLxuxAhI+WbAARViwBi8bsQYSPlmwAEVYsAovG7EKEj5Zsg0IAhESObANL7EAAbAKK1gh2Bv0WbAE0LIOCAIREjkwMQEjESMRIwMjATMBIwEhAwOJqryemMUCDasCBMX9nwGTxwG2/koBtv5KBbD6UAJaAkkAAgAPAAAEJQQ6AAsAEABXALAARViwCC8bsQgaPlmwAEVYsAIvG7ECEj5ZsABFWLAGLxuxBhI+WbAARViwCi8bsQoSPlmyDQIIERI5sA0vsQEBsAorWCHYG/RZsATQsg8IAhESOTAxASMRIxEjAyMBMwEjASEDJwcC7XW5fHe9AbqfAb2+/hkBL4AYGAEp/tcBKf7XBDr7xgHBATtZWQACAMkAAAb1BbAAEwAWAH0AsABFWLACLxuxAh4+WbAARViwEi8bsRIePlmwAEVYsAQvG7EEEj5ZsABFWLAILxuxCBI+WbAARViwDC8bsQwSPlmwAEVYsBAvG7EQEj5ZshUCBBESObAVL7AA0LAVELEGAbAKK1gh2Bv0WbAK0LAGELAO0LIWAgQREjkwMQEhATMBIwMjESMRIwMjEyERIxEzASEDAYoBhwE1qwIExZaqvJ6YxZ7+s8HBAkUBk8cCWQNX+lABtv5KAbb+SgG4/kgFsPyqAkkAAgC8AAAF5AQ6ABMAGACAALAARViwAi8bsQIaPlmwAEVYsBIvG7ESGj5ZsABFWLAELxuxBBI+WbAARViwCC8bsQgSPlmwAEVYsAwvG7EMEj5ZsABFWLAQLxuxEBI+WbIAEBIREjmwAC+wAdCxDgGwCitYIdgb9FmwC9CwB9CwARCwFNCwFdCyFxIEERI5MDEBIQEzASMDIxEjESMDIxMjESMRMwEhAycHAXYBDwEDnwG9vnp1uXx3vXnRuroByQEvgBgYAcECefvGASn+1wEp/tcBKP7YBDr9hwE7WVkAAgCTAAAGPwWwAB0AIQB4sh4iIxESObAeELAO0ACwAEVYsBwvG7EcHj5ZsABFWLAFLxuxBRI+WbAARViwDS8bsQ0SPlmwAEVYsBUvG7EVEj5ZsgENHBESObABL7EKAbAKK1gh2Bv0WbAQ0LABELAa0LABELAe0LAcELEgAbAKK1gh2Bv0WTAxATMyFhcRIxEmJicjBxEjEScjIgYHESMRNjYzMwEhATMBIQRBG/TsA8EBfJqFFcENiJ6CBMAD7PMq/ngEsv2fEAEa/bsDKtTY/oIBeJCCAiP9lwJ2FnuN/nwBftjUAob9egHoAAACAJYAAAVLBDoAGwAfAHWyHCAhERI5sBwQsBTQALAARViwBi8bsQYaPlmwAEVYsBsvG7EbEj5ZsABFWLAULxuxFBI+WbAARViwDC8bsQwSPlmyHBQGERI5sBwvsATQsBwQsAfQsRABsAorWCHYG/RZsBfQsAYQsR4BsAorWCHYG/RZMDEzNTY2NwEhARYWFxUjNSYmIyMHESMRJyMiBgcVATMTIZYEytL+4QO//uDOxQK6AnOMNQu5Bj6MdQIBogi3/ou2zdIGAd/+IQvT0K2xkoET/k8Buwl+lbECXAFGAAIAtgAACHIFsAAiACYAlbImJygREjmwJhCwHtAAsABFWLAILxuxCB4+WbAARViwCy8bsQsePlmwAEVYsAUvG7EFEj5ZsABFWLAiLxuxIhI+WbAARViwGy8bsRsSPlmwAEVYsBMvG7ETEj5ZsgkFCBESObAJL7EEAbAKK1gh2Bv0WbAJELAj0LAN0LAEELAe0LAY0LALELEmAbAKK1gh2Bv0WTAxIRE2NyERIxEzESEBIQEzMhYXESMRJiYnIwcRIxEnIyIGBxEBMwEhAsUBT/5iwcEDWf55BLP+eBv07APBAXyahRbADoeeggQCFRABGv27AXizaf1sBbD9fAKE/XrU2P6CAXiQggIl/ZkCdRd7jf58AyoB6AACAJsAAAc7BDoAIQAlAJiyHiYnERI5sB4QsCXQALAARViwBy8bsQcaPlmwAEVYsAsvG7ELGj5ZsABFWLAALxuxABI+WbAARViwBS8bsQUSPlmwAEVYsBEvG7EREj5ZsABFWLAZLxuxGRI+WbIKCwAREjmwCi+xHQGwCitYIdgb9FmwA9CwChCwDdCwHRCwFtCwChCwItCwCxCxJAGwCitYIdgb9FkwMSE1NjchESMRMxEhASEBFhYXFSM1JiYjIwcRIxEnIwYGBxUBMxMhAoYCRv6HuroC0f7hA7/+4M7FAroCc4w1C7kGS4VvAgGiCLf+i6+taP48BDr+IgHe/iEL09CtsZKBE/5PAbsJAoCTrwJcAUYAAAIAUP5GA6oHhgApADIAirIqMzQREjmwKhCwAtAAsBkvsC4vsABFWLAFLxuxBR4+WbAARViwEi8bsRISPlmwBRCxAwGwCitYIdgb9FmyKAUSERI5sCgvsSUBsAorWCHYG/RZsgwlKBESObASELEfAbAKK1gh2Bv0WbIPLgFdsC4QsCvQsCsvtA8rHysCXbIqLisREjmwMtAwMQE0JiMhNSEyBBUUBgcWFhUUBCMjBhUUFxcHJiY1NDY3MzY2NRAlIzUzIAM3MxUDIwM1MwLanYf+zgEr3gEGgXOCif734DSNgh9Keo2lojSGn/6+mYYBP7uXoP5y+p0EKm6AmNiyZ6QtKa2CxOUDbWlCD301qGN6gwEBlHkBCAWYA6WqCv7uARIKAAACAEz+RgN2BjAAKQAyAJ+yLjM0ERI5sC4QsB/QALAYL7AuL7AARViwBS8bsQUaPlmwAEVYsBEvG7EREj5ZsAUQsQMBsAorWCHYG/RZsigFERESObAoL7IvKAFdtL8ozygCXbSfKK8oAnG0byh/KAJysSUBsAorWCHYG/RZsgwlKBESObARELEeAbAKK1gh2Bv0WbAuELAr0LArL7QPKx8rAl2yKi4rERI5sDLQMDEBNCYnITUhMhYVFAYHFhUUBiMjBhUUFxcHJiY1NDY3MzY3NjU0JSM1MyADNzMVAyMDNTMCp39w/skBJ8ruZlvX88gyjYIfS3yKpaI2ckM//uiZiAET2Zeg/nL6nQMJQ1MCmaqLSXckQq+UrwNtaUIPfTeoYXqDAQIwLkiiA5gDHaoK/u4BEgoAAwBn/+wE+gXEABEAGAAfAIyyBCAhERI5sAQQsBLQsAQQsBnQALAARViwDS8bsQ0ePlmwAEVYsAQvG7EEEj5ZsA0QsRIBsAorWCHYG/RZshYNBBESObAWL7IvFgFdss8WAV2yLxYBcbL/FgFdsl8WAV20TxZfFgJxsp8WAXGwBBCxGQGwCitYIdgb9FmwFhCxHAGwCitYIdgb9FkwMQEUAgQjIiQCJzU0EiQzMgQSFwEiAgchJgIDMhI3IRYSBPqP/vixrP72kwKSAQusrwEIkQL9trbQBAMUBM62tsoI/OwI0wKp1f7CqqkBOc5p0gFCq6j+xc8CDf7t8vgBDftwAQD07P74AAMAW//sBDQETgAPABUAHACKsgQdHhESObAEELAT0LAEELAW0ACwAEVYsAQvG7EEGj5ZsABFWLAMLxuxDBI+WbIaDAQREjmwGi+0vxrPGgJdtJ8arxoCcbL/GgFdsg8aAXG0Lxo/GgJdtM8a3xoCcbEQAbAKK1gh2Bv0WbAMELEUAbAKK1gh2Bv0WbAEELEWAbAKK1gh2Bv0WTAxEzQ2NjMyABcXFAYGIyIANQUhFhYgNgEiBgchJiZbe+GP1AEOCwF84JDe/vEDHP2fDaQBAqH+3H2iDwJeEqMCJ5/9i/7i5Tqe/okBM/tEm7i6Anm1k5exAAABABYAAATdBcMADwBHsgIQERESOQCwAEVYsAYvG7EGHj5ZsABFWLAPLxuxDx4+WbAARViwDC8bsQwSPlmyAQYMERI5sAYQsQgBsAorWCHYG/RZMDEBFzcBNjYzFwciBgcBIwEzAkMhIwEIM4ZnLgFAQB/+fKr+B9ABdoKBAz+XeAGrPFT7eQWwAAABAC4AAAQLBE0AEQBHsgISExESOQCwAEVYsAUvG7EFGj5ZsABFWLARLxuxERo+WbAARViwDi8bsQ4SPlmyAQUOERI5sAUQsQoBsAorWCHYG/RZMDEBFzcTNjMyFwcmIyIGBwEjATMB2xcZnU2sRyMVDR0fPBD+143+g70BPGRkAh/yGJQIMC38tAQ6AAIAZ/9zBPoGNAATACcAVLIFKCkREjmwBRCwGdAAsABFWLANLxuxDR4+WbAARViwAy8bsQMSPlmwBtCwDRCwENCxFwGwCitYIdgb9FmwGtCwAxCxJAGwCitYIdgb9FmwIdAwMQEQAAcVIzUmAAM1EAA3NTMVFgARJzQCJxUjNQYCFRUUEhc1MxU2EjUE+v7+47nl/vEBAQ7nueIBA7+ZjbmTo6SSuY+XAqn+3f6RI4F/HwFxASNgASQBdh92eCX+kP7ZB+ABCSNhZB/+7t9d3v7sH2ZkIgEL4gAAAgBb/4kENAS1ABMAJQBasgMmJxESObADELAc0ACwAEVYsAMvG7EDGj5ZsABFWLAQLxuxEBI+WbADELAG0LAQELAN0LAQELEjAbAKK1gh2Bv0WbAU0LADELEdAbAKK1gh2Bv0WbAa0DAxEzQSNzUzFRYSFRUUAgcVIzUmAjUBNjY1NCYnFSM1BgYVFBYXNTNb1Lm5utndtrm02QJGY3Z0ZblicnFjuQIn0gEqInBvIP7Y3RDY/tgda2wfASfc/nkfzauR0CBiYSHQpZLLImYAAAMAnP/rBm8HUQAsAEAASQCqsgpKSxESObAKELAy0LAKELBJ0ACwAEVYsBQvG7EUHj5ZsABFWLANLxuxDRI+WbAUELAA0LANELAH0LIKDRQREjmwFBCxFQGwCitYIdgb9FmwDRCxHAGwCitYIdgb9FmyIBQNERI5sCXQsBUQsCzQsBQQsDjQsDgvsC/QsS0CsAorWCHYG/RZsC8QsDTQsDQvsTwCsAorWCHYG/RZsDgQsETQsEnQsEkvMDEBMhYVERQGIyImJwYGIyImJxE0NjMVIgYVERQWMzI2NREzERQWMzI2NRE0JiMTFSMiLgIjIhUVIzU0NjMyHgIBNjc1MxUUBgcE27vZ2btwsjQ0sHC52ATYvWNxcmJygsGCc2Nwb2RoK1CCuDQYcYB/bihIv2r+QEIDnVs7Ba/w1v3G1PBVWFhV6M0CStTxnp2J/cSMm4l8Aaz+VHqLnIwCOoifAcJ/IlAMcA8kbmwRUhv+kFA8aWYydSAAAwB+/+sFqgXxACsAPwBIALCyCUlKERI5sAkQsDzQsAkQsEjQALAARViwEy8bsRMaPlmwAEVYsAwvG7EMEj5ZsBMQsADQsAwQsAfQsgkMExESObATELEUAbAKK1gh2Bv0WbAMELEbAbAKK1gh2Bv0WbIfEwwREjmwJNCwFBCwK9CwExCwN9CwNy+wLdCwLS+xLAKwCitYIdgb9FmwLRCwM9CwMy+xOwKwCitYIdgb9FmwNxCwQ9CwQy+wSNCwSC8wMQEyFhURFAYjIicGBiMiJicRNDYzFSIGFREUFjMyNjU1MxUWFjMyNjURNCYjExUjIi4CIyIVFSM1NDYzMh4CATY3NTMVFAYHBEKowMCo0F8vnGKjwQTAqFJdXFNib7kBcGFRXV1RqixPfsAwGHKAf28pSrdt/kFBA55bOwRE28L+38HalUtK0LsBMsHbmIh8/t57iXhn6+5ndYh9ASF8iAHHfyBSC28PJG5sElAc/oZOP2hmMnUgAAIAnP/sBnUHAwAgACgAhLIHKSoREjmwBxCwJ9AAsABFWLAPLxuxDx4+WbAARViwFy8bsRcePlmwAEVYsCAvG7EgHj5ZsABFWLAKLxuxChI+WbAE0LIHCg8REjmwChCxEwGwCitYIdgb9FmwHNCwDxCwJ9CwJy+wKNCwKC+xIgawCitYIdgb9FmwKBCwJdCwJS8wMQERFAYjIiYnBgYjIiYnETMRFBYzMjY1ETMRFBYzMjY1ESU1IRchFSM1BnXhw22rMTSycb3XAcFyYnKCx3xpanr8QgMsAf61qAWw+97G3FdZWVfbwwQm+917iol8BCP73X2IiX0EIuhra319AAACAIH/6wWtBbAAHgAmAIeyBicoERI5sAYQsCPQALAARViwDS8bsQ0aPlmwAEVYsBUvG7EVGj5ZsABFWLAeLxuxHho+WbAARViwCC8bsQgSPlmwBNCwBC+yBggNERI5sAgQsREBsAorWCHYG/RZsBrQsA0QsCXQsCUvsCbQsCYvsSAGsAorWCHYG/RZsCYQsCPQsCMvMDEBERQGIyInBiMiJicRMxEWFjMyNjURMxEUFjMyNjcRATUhFyEVIzUFrcquxllfzqfAAbkBW1Nib7plXFllAfyTAywD/rOpBDr9J7DGlJTDsALc/SNmdXhnAtn9J2d4dWYC3QELa2uAgAAAAQB1/oQEvAXFABkAS7IYGhsREjkAsAAvsABFWLAKLxuxCh4+WbAARViwAi8bsQISPlmwChCwDtCwChCxEQGwCitYIdgb9FmwAhCxGQGwCitYIdgb9FkwMQEjESYANTU0EiQzMgAXIyYmIyICFRUUEhczAxS/2P74jgEAoPcBIALBArWhoM3FnXz+hAFsHAFW//SxASCf/vjgnqz+/NT0yv77BAABAGT+ggPgBE4AGQBLshgaGxESOQCwAC+wAEVYsAovG7EKGj5ZsABFWLACLxuxAhI+WbAKELAO0LAKELERAbAKK1gh2Bv0WbACELEYAbAKK1gh2Bv0WTAxASMRJgI1NTQ2NjMyFhUjNCYjIgYVFRQWFzMCormx1HfXi7Pwr49lhJyWgm3+ggFwHgEm2SOZ+YrhqGWM2rUfqNsDAAABAHQAAASQBT4AEwATALAOL7AARViwBC8bsQQSPlkwMQEFByUDIxMlNwUTJTcFEzMDBQclAlgBIUT+3bao4f7fRAElzf7eRgEjvKXnASVI/uABvqx7qv6/AY6re6sBbat9qwFL/mireqoAAfxnBKb/JwX8AAcAEgCwAC+xAwawCitYIdgb9FkwMQEVJzchJxcV/Q2mAQIbAaUFI30B6WwB2AAB/HEFF/9kBhUAEwAwALAOL7AI0LAIL7EAArAKK1gh2Bv0WbAOELAF0LAFL7AOELEPArAKK1gh2Bv0WTAxATIWFRUjNTQjIgcHBgcjNTI+Av52b3+Aciotb4l2PGxqwUcGFWxuJA5wEi86An4bUxEAAf1mBRb+VAZXAAUADACwAS+wBdCwBS8wMQE1MxUXB/1msztNBdx7jHRBAAAB/aQFFv6TBlcABQAMALADL7AA0LAALzAxASc3JzMV/fFNOwG1BRZBdIx7AAj6G/7EAbYFrwAMABoAJwA1AEIATwBcAGoAfwCwRS+wUy+wYC+wOC+wAEVYsAIvG7ECHj5ZsQkLsAorWCHYG/RZsEUQsBDQsEUQsUwLsAorWCHYG/RZsBfQsFMQsB7QsFMQsVoLsAorWCHYG/RZsCXQsGAQsCvQsGAQsWcLsAorWCHYG/RZsDLQsDgQsT8LsAorWCHYG/RZMDEBNDYyFhUjNCYjIgYVATQ2MzIWFSM0JiMiBhUTNDYzMhYVIzQmIgYVATQ2MzIWFSM0JiMiBhUBNDYyFhUjNCYjIgYVATQ2MhYVIzQmIyIGFQE0NjMyFhUjNCYiBhUTNDYzMhYVIzQmIyIGFf0Ic750cDMwLjMB3nRdX3VxNS4sM0h1XV90cDVcM/7LdF1fdHA1Li0z/U9zvnRwMzAuM/1NdL50cDMwLjP+3nVdX3RwNVwzNXVdX3VxNS4tMwTzVGhoVC43NTD+61RoZ1UxNDUw/glVZ2hUMTQ3Lv35VGhoVDE0Ny7+5FRoaFQuNzcuBRpUaGhULjc1MP4JVWdoVDE0Ny79+VVnZ1UxNDUwAAAI+iz+YwFrBcYABAAJAA4AEwAYAB0AIgAnADkAsCEvsBIvsAsvsBsvsCYvsABFWLAHLxuxBx4+WbAARViwFi8bsRYcPlmwAEVYsAIvG7ECFD5ZMDEFFwMjEwMnEzMDATcFFSUFByU1BQE3JRcFAQcFJyUDJwM3EwEXEwcD/i8LemBGOgx6YEYCHQ0BTf6m+3UN/rMBWgOcAgFARP7b/PMC/sBFASYrEZRBxgNgEZRCxDwO/q0BYQSiDgFS/qD+EQx8Ykc7DHxiRwGuEJlEyPyOEZlFyALkAgFGRf7V/OMC/rtHASsA//8Asf6bBbMHGQAmANwAAAAnAKEBMQFCAQcAEAR//70AEwCwAEVYsAgvG7EIHj5ZsA3cMDEA//8AnP6bBLUFwwAmAPAAAAAnAKEAof/sAQcAEAOB/70AEwCwAEVYsAgvG7EIGj5ZsA3cMDEAAAL/3AAAA/wGcQARABoAd7IUGxwREjmwFBCwA9AAsABFWLAMLxuxDB4+WbAARViwEC8bsRAePlmwAEVYsAgvG7EIEj5ZsBAQsQABsAorWCHYG/RZsgIMCBESObACL7AAELAK0LAL0LACELESAbAKK1gh2Bv0WbAIELETAbAKK1gh2Bv0WTAxASERIRYWEAYHIREjNTM1MxUhAREhMjY1NCYnApb+vwEYu9TUt/4qv7+6AUH+vwESaXFvZAUY/dICyv620QMFGJjBwfyi/kV3ZGF9AgAAAgCoAAAE1wWwAA4AGwBWsgQcHRESObAEELAX0ACwAEVYsAMvG7EDHj5ZsABFWLABLxuxARI+WbIWAwEREjmwFi+xAAGwCitYIdgb9FmyCQADERI5sAMQsRQBsAorWCHYG/RZMDEBESMRITIEFRQHFwcnBiMBNjU0JichESEyNyc3AWnBAhnsARNnfm2LdqgBGSWlkf6gAVhiRW5uAjr9xgWw8su6cIpnmTcBG0Fbgp0C/cUdeWYAAAIAjP5gBCMETgATACIAd7IcIyQREjmwHBCwENAAsABFWLAQLxuxEBo+WbAARViwDS8bsQ0aPlmwAEVYsAovG7EKFD5ZsABFWLAHLxuxBxI+WbICBxAREjmyCRAHERI5sg4QBxESObAQELEXAbAKK1gh2Bv0WbAHELEcAbAKK1gh2Bv0WTAxARQHFwcnBiMiJxEjETMXNjMyEhEnNCYjIgcRFjMyNyc3FzYEHmpvbm5Zc8VxuakJccnD47mciKhUU6tSPGZuWjICEe6XfWZ7OH399wXaeIz+2v76BLfUlf37lCdzZ2diAAABAKIAAAQjBwAACQA2sgMKCxESOQCwCC+wAEVYsAYvG7EGHj5ZsABFWLAELxuxBBI+WbAGELECAbAKK1gh2Bv0WTAxASMVIREjESERMwQjA/1CwALIuQUYBvruBbABUAABAJEAAANCBXYABwAvALAGL7AARViwBC8bsQQaPlmwAEVYsAIvG7ECEj5ZsAQQsQABsAorWCHYG/RZMDEBIREjESERMwNC/gm6Afi5A6H8XwQ6ATwAAAEAsf7fBHwFsAAVAF6yChYXERI5ALAJL7AARViwFC8bsRQePlmwAEVYsBIvG7ESEj5ZsBQQsQABsAorWCHYG/RZsgMUCRESObADL7AJELEKAbAKK1gh2Bv0WbADELEQAbAKK1gh2Bv0WTAxASERMyAAERACIycyNjUmJiMjESMRIQQw/UKyARwBPPXkApGQAczOtcEDfwUS/i/+z/7w/vj+55PDy8vU/WEFsAABAJH+5QO+BDoAFgBesgsXGBESOQCwCi+wAEVYsBUvG7EVGj5ZsABFWLATLxuxExI+WbAVELEAAbAKK1gh2Bv0WbIDFQoREjmwAy+wChCxCwGwCitYIdgb9FmwAxCxEQGwCitYIdgb9FkwMQEhETMyABUUBgYHJzY2NTQmIyMRIxEhAz7+DWzvARhiqnUwgHiymHC6Aq0Dof7k/vzXYsiGFZIhmXmRqP4dBDr//wAb/pkHggWwACYA2gAAAAcCUQZhAAD//wAV/pkGPQQ6ACYA7gAAAAcCUQUcAAD//wCy/pcFRAWwACYCLAAAAAcCUQQj//7//wCc/pkEgQQ6ACYA8QAAAAcCUQNgAAAAAQCjAAAE/wWwABQAYwCwAEVYsAAvG7EAHj5ZsABFWLAMLxuxDB4+WbAARViwAi8bsQISPlmwAEVYsAovG7EKEj5ZsA/QsA8vsi8PAV2yzw8BXbEIAbAKK1gh2Bv0WbIBCA8REjmwBdCwDxCwEtAwMQkCIwEjFSM1IxEjETMRMxEzETMBBNL+cAG98f6iUJRowcFolE0BQwWw/U79AgKO9PT9cgWw/X8BAP8AAoEAAQCaAAAEfwQ6ABQAfACwAEVYsA0vG7ENGj5ZsABFWLAULxuxFBo+WbAARViwCi8bsQoSPlmwAEVYsAMvG7EDEj5ZsAoQsA7QsA4vsp8OAV2y/w4BXbKfDgFxtL8Ozw4CXbIvDgFdsm8OAXKxCQGwCitYIdgb9FmyAQkOERI5sAXQsA4QsBLQMDEJAiMBIxUjNSMRIxEzETM1MxUzAQRa/q4Bd+v+6zKUZbq6ZZQqAQMEOv3+/cgBzcLC/jMEOv421dUBygAAAQBEAAAGiwWwAA4AbQCwAEVYsAYvG7EGHj5ZsABFWLAKLxuxCh4+WbAARViwAi8bsQISPlmwAEVYsA0vG7ENEj5ZsggGAhESObAIL7IvCAFdss8IAV2xAQGwCitYIdgb9FmwBhCxBAGwCitYIdgb9FmyDAEIERI5MDEBIxEjESE1IREzATMBASMDkLDB/iUCnJYB/O/91AJW7AKO/XIFGJj9fgKC/T/9EQABAD4AAAV9BDoADgCCALAARViwBi8bsQYaPlmwAEVYsAovG7EKGj5ZsABFWLACLxuxAhI+WbAARViwDS8bsQ0SPlmwAhCwCdCwCS+ynwkBXbL/CQFdsp8JAXG0vwnPCQJdsi8JAV2ybwkBcrEAAbAKK1gh2Bv0WbAGELEEAbAKK1gh2Bv0WbIMAAkREjkwMQEjESMRITUhETMBMwEBIwMbiLr+ZQJVegFr4f5TAdHrAc3+MwOhmf42Acr9+P3OAP//AKn+mQWpBbAAJgAsAAAABwJRBIgAAP//AJz+mQSiBDoAJgD0AAAABwJRA4EAAAABAKgAAAeEBbAADQBgALAARViwAi8bsQIePlmwAEVYsAwvG7EMHj5ZsABFWLAGLxuxBhI+WbAARViwCi8bsQoSPlmwAdCwAS+yLwEBXbACELEEAbAKK1gh2Bv0WbABELEIAbAKK1gh2Bv0WTAxASERIRUhESMRIREjETMBaQLeAz39g8D9IsHBAz4Ccpj66AKh/V8FsAABAJEAAAVpBDoADQCdALAARViwAi8bsQIaPlmwAEVYsAwvG7EMGj5ZsABFWLAGLxuxBhI+WbAARViwCi8bsQoSPlmwBhCwAdCwAS+ybwEBXbS/Ac8BAl2yPwEBcbTPAd8BAnGyDwEBcrSfAa8BAnGy/wEBXbIPAQFxsp8BAV2yLwEBXbRvAX8BAnKwAhCxBAGwCitYIdgb9FmwARCxCAGwCitYIdgb9FkwMQEhESEVIREjESERIxEzAUsB8QIt/oy5/g+6ugJlAdWZ/F8Bzv4yBDoAAAEAsP7fB80FsAAXAGuyERgZERI5ALAHL7AARViwFi8bsRYePlmwAEVYsBQvG7EUEj5ZsABFWLARLxuxERI+WbIBFgcREjmwAS+wBxCxCAGwCitYIdgb9FmwARCxDgGwCitYIdgb9FmwFhCxEgGwCitYIdgb9FkwMQEzIAAREAIjJzI2NSYmIyMRIxEhESMRIQT/dgEcATz15AKRkAHMznnB/TLABE8DQf7P/vD++P7nk8PLy9T9YQUS+u4FsAABAJH+5QawBDoAGABrshIZGhESOQCwCC+wAEVYsBcvG7EXGj5ZsABFWLAVLxuxFRI+WbAARViwEi8bsRISPlmyARcIERI5sAEvsAgQsQkBsAorWCHYG/RZsAEQsQ8BsAorWCHYG/RZsBcQsRMBsAorWCHYG/RZMDEBMzIAFQcGBgcnNjY1NCYjIxEjESERIxEhA/ag+AEiAxTRmTB8e7ygpLn+DroDZQKF/vzXJqPhG5Igln2Sp/4dA6H8XwQ6AAACAHH/5AWiBcUAKAA2AKCyGDc4ERI5sBgQsCnQALAARViwDS8bsQ0ePlmwAEVYsB8vG7EfHj5ZsABFWLAELxuxBBI+WbAA0LAAL7ICBB8REjmwAi+wDRCxDgGwCitYIdgb9FmwBBCxFQGwCitYIdgb9FmwAhCxLAGwCitYIdgb9FmyFwIsERI5siYsAhESObAAELEoAbAKK1gh2Bv0WbAfELEzAbAKK1gh2Bv0WTAxBSInBiMiJAI1NTQSNjMXIgYVFRQSMzI3JgI1NTQ2NjMyEhUVFAIHFjMBFBYXNjY1NTQmIyIGFQWi17OOrLL+5J910oQBdpTsv0Y4eYRovXa25m9maHn9fXh1Ymh5Y2F6HElCsgFCxKyxASKjpf7Zpuz+1w1hARWq45r9jf7M/eue/vZfGgI0mO1KSOeN+bHO0rIAAgBt/+sEnARPACQALwCnsgQwMRESObAEELAl0ACwAEVYsAwvG7EMGj5ZsABFWLAcLxuxHBo+WbAARViwBC8bsQQSPlmwAEVYsAAvG7EAEj5ZsgIEHBESObACL7AMELENAbAKK1gh2Bv0WbAEELEUAbAKK1gh2Bv0WbACELEnAbAKK1gh2Bv0WbIWFCcREjmwABCxJAGwCitYIdgb9FmyIickERI5sBwQsSwBsAorWCHYG/RZMDEFIicGIyImAjU1NBIzFSIGFRUUFjMyNyYRNTQ2MzIWFRUUBxYzARQXNjc1NCYiBgcEnLKMdo+M4X/Fm0ldqYkuLMGtj4yygE9h/g+fZgNJeEYBDDlClQESpzrNAQ6erZI4wfALogERXsDr+c5i450VAanWdHO6dYKejXr//wA5/pkE+AWwACYAPAAAAAcCUQPXAAD//wAp/pkEBgQ6ACYAXAAAAAcCUQLlAAAAAQA0/qEGkwWwABMAXQCwES+wAEVYsAcvG7EHHj5ZsABFWLAMLxuxDB4+WbAARViwEy8bsRMSPlmwBxCxCAGwCitYIdgb9FmwANCwBxCwBdCwA9CwAtCwExCxCgGwCitYIdgb9FmwDtAwMQEhNSE1MxUhFSERIREzETMDIxEhAav+iQF3wQGB/n8CzsGYEqz71gUYlwEBl/uFBRP68f4AAV8AAQAf/r8FFgQ6AA8ATQCwDS+wAEVYsAMvG7EDGj5ZsABFWLAPLxuxDxI+WbADELEEAbAKK1gh2Bv0WbAA0LAPELEGAbAKK1gh2Bv0WbADELAI0LAGELAK0DAxASE1IRUjESERMxEzAyMRIQEx/u4CxPkB8rqAEqX80gOjl5f89AOj/F3+KAFB//8Alv6ZBWcFsAAmAOEAAAAHAlEERgAA//8AZ/6ZBF8EOwAmAPkAAAAHAlEDPgAAAAEAlgAABMgFsAAXAFCyBBgZERI5ALAARViwAC8bsQAePlmwAEVYsAovG7EKHj5ZsABFWLAMLxuxDBI+WbIHAAwREjmwBy+wBNCwBxCxEAGwCitYIdgb9FmwE9AwMQERFhYzETMRNjcRMxEjEQYHFSM1IiYnEQFXAYmglXl4wcFyf5X47wQFsP4ymoQBNv7SDSECtvpQAlsiDe7o2doB1wABAIMAAAPZBDsAFgBQsgYXGBESOQCwAEVYsAsvG7ELGj5ZsABFWLAVLxuxFRo+WbAARViwAC8bsQASPlmyDxUAERI5sA8vsQcBsAorWCHYG/RZsATQsA8QsBLQMDEhIxEGBxUjNSYmJxEzERYXETMRNjcRMwPZukZTlrC7ArkFr5ZURboBiBMJh4UNzLUBQ/610xoBGP7qChECGgABAIkAAAS6BbAAEQBHsgUSExESOQCwAEVYsAEvG7EBHj5ZsABFWLAALxuxABI+WbAARViwCS8bsQkSPlmyBQEAERI5sAUvsQ4BsAorWCHYG/RZMDEzETMRNjMyFhcRIxEmJiMiBxGJwLnL+PIDwAGJo7zIBbD9pDXY3/4uAc2Yhjf9TAACAD//6gW9BcMAHQAlAGeyFyYnERI5sBcQsCTQALAARViwDy8bsQ8ePlmwAEVYsAAvG7EAEj5Zsh8PABESObAfL7ETAbAKK1gh2Bv0WbAE0LAfELAL0LAAELEYAbAKK1gh2Bv0WbAPELEjAbAKK1gh2Bv0WTAxBSAAETUmJjUzFBYXNBI2MyAAERUhFRQWMzI3FwYGASE1NCYjIgID6f7i/rOZpphQV479lgECARz8gt7Ms6YvQNL94AK+s6uewhYBUQEpWxPFolp9FLQBH6L+o/6+bF3c91OPLTUDWiHZ5f79AAAC/97/7ARjBE4AGQAhAHWyFCIjERI5sBQQsBvQALAARViwDS8bsQ0aPlmwAEVYsAAvG7EAEj5Zsh4NABESObAeL7S/Hs8eAl2xEQGwCitYIdgb9FmwA9CwHhCwCdCwABCxFQGwCitYIdgb9FmyFw0AERI5sA0QsRoBsAorWCHYG/RZMDEFIgA1JiY1MxQXPgIzMhIRFSEWFjMyNxcGASIGByE1JiYCvdz+7Hh3k2UUhMhw0+r9IwSziq5vcYj+2XCYEgIeCIgUASH6Ha6GkzCCyW7+6v79TaDFkljRA8qjkw6NmwABAKP+1gTMBbAAFgBfshUXGBESOQCwDi+wAEVYsAIvG7ECHj5ZsABFWLAGLxuxBh4+WbAARViwAC8bsQASPlmyBAACERI5sAQvsAjQsA4QsQ8BsAorWCHYG/RZsAQQsRYBsAorWCHYG/RZMDEhIxEzETMBMwEWABUQAiMnMjY1JiYnIQFkwcGFAgHi/fj4AQ355gKQkALHx/7sBbD9jwJx/YgW/tL6/vj+5JjBycrSAQAAAQCa/v4EGQQ6ABYAe7INFxgREjkAsAcvsABFWLARLxuxERo+WbAARViwFS8bsRUaPlmwAEVYsA8vG7EPEj5ZsBPQsBMvsp8TAV2y/xMBXbKfEwFxtL8TzxMCXbIvEwFdss8TAXGwANCwBxCxCAGwCitYIdgb9FmwExCxDgGwCitYIdgb9FkwMQEWFhUUBgYHJzY1NCYnIxEjETMRMwEzAn/DzmSscDD4raWyurpbAYrgAmQf4rRdxXwTkjnmipIC/jMEOv42AcoA//8AL/6bBagFsAAmAN0AAAAHABAEdP+9//8ALP6bBLcEOgAmAPIAAAAHABADg/+9AAEAsf5LBP4FsAAVAKmyChYXERI5ALAARViwAC8bsQAePlmwAEVYsAMvG7EDHj5ZsABFWLAILxuxCBQ+WbAARViwEy8bsRMSPlmwAtCwAi+yXwIBXbLPAgFdsh8CAXG0bwJ/AgJxtL8CzwICcbQPAh8CAnKy7wIBcbKfAgFxsk8CAXGy/wIBXbKvAgFdsi8CAV2yPwIBcrAIELENAbAKK1gh2Bv0WbACELERAbAKK1gh2Bv0WTAxAREhETMRFAYjIic3FjMyNjURIREjEQFyAszAq5w8Ng4lPUFI/TTBBbD9bgKS+f2ouhKaDmdcAtX9fwWwAAABAJH+SwP1BDoAFgChsgoXGBESOQCwAEVYsAAvG7EAGj5ZsABFWLADLxuxAxo+WbAARViwCC8bsQgUPlmwAEVYsBQvG7EUEj5ZsALQsAIvsm8CAV20vwLPAgJdsj8CAXG0zwLfAgJxsg8CAXK0nwKvAgJxsv8CAV2yDwIBcbKfAgFdsi8CAV20bwJ/AgJysAgQsQ4BsAorWCHYG/RZsAIQsRIBsAorWCHYG/RZMDEBESERMxEUBiMiJzcWFxcyNjURIREjEQFLAfG5q5g8NA8RPBRCSP4PugQ6/isB1fttqrISkwcFAWhcAif+MgQ6AP//AKn+mwW7BbAAJgAsAAAABwAQBIf/vf//AJz+mwS0BDoAJgD0AAAABwAQA4D/vf//AKn+mwb5BbAAJgAxAAAABwAQBcX/vf//AJ3+mwYHBDoAJgDzAAAABwAQBNP/vQACAF3/7AUSBcQAFwAfAGGyCCAhERI5sAgQsBjQALAARViwAC8bsQAePlmwAEVYsAgvG7EIEj5Zsg0ACBESObANL7AAELERAbAKK1gh2Bv0WbAIELEYAbAKK1gh2Bv0WbANELEbAbAKK1gh2Bv0WTAxASAAERUUAgQjIAARNSE1EAIjIgcHJzc2ATISNyEVFBYCgAEuAWSc/uqn/uP+wQP09N2liz0vFp4BIaneD/zP0wXE/of+sVTF/r+2AVkBRXUHAQIBHDoajw1Y+sYBBdsi2uQAAAEAaP/rBCwFsAAbAGqyCxwdERI5ALAARViwAi8bsQIePlmwAEVYsAsvG7ELEj5ZsAIQsQABsAorWCHYG/RZsATQsgUCCxESObAFL7ALELAQ0LALELETAbAKK1gh2Bv0WbAFELEZAbAKK1gh2Bv0WbAFELAb0DAxASE1IRcBFhYVFAQjIiYmNTMUFjMyNjU0JiMjNQMd/XYDawH+a9np/vPghtt2wJx7iaOmno0FEp59/h4O58bD6Gm+gnKaknidjpcAAQBp/nUEKAQ6ABoAXbILGxwREjkAsAsvsABFWLACLxuxAho+WbEAAbAKK1gh2Bv0WbAE0LIFAgsREjmwBS+wCxCwENCwCxCxEwGwCitYIdgb9FmwBRCxGAOwCitYIdgb9FmwBRCwGtAwMQEhNSEXARYWFRQEIyImJjUzFBYzMjY1ECUjNQMM/YgDZQH+ctTo/vTehNd6up59jaT+yaADoZl2/hEQ4cXD52a/g3GflXkBIgiXAP//ADr+SwR0BbAAJgCxRAAAJgImq0AABwJUAPAAAP//ADv+SwOWBDoAJgDsTwAAJgImrI4BBwJUAOEAAAAIALIABgFdMDH//wA5/ksFDgWwACYAPAAAAAcCVAOnAAD//wAp/ksEHAQ6ACYAXAAAAAcCVAK1AAAAAgBXAAAEZQWwAAoAEwBSsgQUFRESObAEELAN0ACwAEVYsAEvG7EBHj5ZsABFWLADLxuxAxI+WbIAAQMREjmwAC+wAxCxCwGwCitYIdgb9FmwABCxDAGwCitYIdgb9FkwMQERMxEhIiQ1NDY3AREhIgYVFBYXA6PC/d/k/vf/4AFt/qGMoZ+KA3MCPfpQ8svH6wT9KgI4loCCnwEAAgBZAAAGZwWwABcAHwBcsgcgIRESObAHELAY0ACwAEVYsAgvG7EIHj5ZsABFWLAALxuxABI+WbIHCAAREjmwBy+wABCxGAGwCitYIdgb9FmwCtCyEAAIERI5sAcQsRkBsAorWCHYG/RZMDEhIiQ1NCQ3IREzETc2Njc2JzMXFgcGBiMlESEiBhQWFwJH5f73AQHjAWrBWG9yAwRAuhYvAwTlw/7v/qCOnpiF9MnG7QMCPfrrAQKSe6KnRJduw+idAjiX/p8EAAACAGT/5wZuBhgAHwArAIayGiwtERI5sBoQsCrQALAARViwBi8bsQYgPlmwAEVYsAMvG7EDGj5ZsABFWLAYLxuxGBI+WbAARViwHC8bsRwSPlmyBQMYERI5sBgQsQsBsAorWCHYG/RZshEDGBESObIaAxgREjmwAxCxIgGwCitYIdgb9FmwHBCxKAGwCitYIdgb9FkwMRMQEjMyFxEzEQYWMzY2NzYnNxYWBw4CIwYnBiMiAjUBJiMiBhUUFjMyNydk4sS3arkCX06JlwQEQbMcKQICedmJ8k5s28DkAsdSoYeUkYinUwUCCQEIAT2DAk37QV94AtC9utgBZsdmqfmEBLq2ARv0ATGG396tv5M+AAEANv/jBdUFsAAnAGayECgpERI5ALAARViwCS8bsQkePlmwAEVYsCEvG7EhEj5ZsgEoCRESObABL7EAAbAKK1gh2Bv0WbAJELEHAbAKK1gh2Bv0WbIPAAEREjmwIRCxFQGwCitYIdgb9FmyGiEJERI5MDETNTM2NjU0ISE1IRYWFRQHFhMVFBYzNjY3NiczFxYHBgIjBAM1NCYn/pufk/7L/qABa+/87dsFU0F0hgQEQboXMAME9sf+vQ+HdQJ5ngJ7g/ueAdHJ6GJF/vxQT1sCzrm72Fi7gP3+1wgBTUB4kAEAAAEAMf/jBOgEOgAnAGOyDygpERI5ALAARViwHy8bsR8aPlmwAEVYsA4vG7EOEj5ZsQIBsAorWCHYG/RZsgcOHxESObIXKB8REjmwFy+xFAGwCitYIdgb9FmwHxCxHQGwCitYIdgb9FmyJRQXERI5MDElBjM2Njc2JzMWFgcGBiMGJic1NCMjJzM2NjU0JiMhJyEWFhUUBxYXAucCX3B2AwRCtC0YAQTnuIeJB9jNAsB6bn11/vsGARjE3Ly2BNVYApuJmaaGgDnN8ANwg0edlgFXSlVdlgOnmJ1KNLIAAAEAUv7XA/UFrwAhAGCyICIjERI5ALAXL7AARViwCS8bsQkePlmwAEVYsBovG7EaEj5ZsgEiCRESObABL7EAAbAKK1gh2Bv0WbAJELEHAbAKK1gh2Bv0WbIPAAEREjmwGhCwErAKK1jYG9xZMDETNTM2NjUQISE1IRYWFRQHFhMVMxUUBgcnNjcjJic1NCYjr6mkm/7K/vEBIej05d4EqWFNalEOazwDkncCeZcBfYUBBZcD0sniZEb++KmUYchASHNuNKuPfo0AAQB5/scD2QQ6ACAAYLIgISIREjkAsBcvsABFWLAILxuxCBo+WbAARViwGi8bsRoSPlmyASEIERI5sAEvsQABsAorWCHYG/RZsAgQsQYBsAorWCHYG/RZsg8AARESObAaELASsAorWNgb3FkwMRMnMzY1NCMhNSEWFxYVFAcWFxUzFRQGByc2NyMmJzU0I8IB2+n1/ukBJ91sVr69AZpiTWlUDWczAtoBuJcCobKWA2dThKFJNcpMlGHKPkh0fSGFXrQAAAEARP/rB3AFsAAjAGWyACQlERI5ALAARViwDi8bsQ4ePlmwAEVYsCAvG7EgEj5ZsABFWLAHLxuxBxI+WbAOELEAAbAKK1gh2Bv0WbAHELEIAbAKK1gh2Bv0WbAgELETAbAKK1gh2Bv0WbIZDiAREjkwMQEhAwICBgcjNTc+AjcTIREUFjMyNjc2JzcWFgcGAgcHIiY1BCf+GhoPWayQPyhdZDQLHgNfWU+ClwQCP7ocKQID6cMus7cFEv2//t7+3IkCnQIHa+rzAsL7rGB0zbzA0gFmx2bs/toSArq0AAEAP//rBjoEOgAhAGWyICIjERI5ALAARViwDC8bsQwaPlmwAEVYsB4vG7EeEj5ZsABFWLAGLxuxBhI+WbAMELEAAbAKK1gh2Bv0WbAGELEHAbAKK1gh2Bv0WbAeELERAbAKK1gh2Bv0WbIWHgwREjkwMQEhAwIGByM1NzY2NxMhERQWMzI2NzYnMxcWBw4CIyImJwMx/rsXFJylQTZVTQ0XAq9aT2x7BARBsxYwAwJsvniuswEDof5a/uvkAqMECqfTAg/9IWB5t6uyy1CxfJrmebixAAABAKn/5wdxBbAAHQCwshQeHxESOQCwAEVYsAAvG7EAHj5ZsABFWLAZLxuxGR4+WbAARViwES8bsRESPlmwAEVYsBcvG7EXEj5ZsBEQsQQBsAorWCHYG/RZsgoAERESObAXELAc0LAcL7LvHAFxsl8cAV2yzxwBXbIfHAFxtG8cfxwCcbS/HM8cAnGynxwBcbJPHAFxsv8cAV2yrxwBXbIvHAFdtA8cHxwCcrI/HAFysRUBsAorWCHYG/RZMDEBERQWMzY2NzYnNxYWBw4CIwYmJxEhESMRMxEhEQTpXUqGlAQEQrsbKwICe9iKq7UI/ULBwQK+BbD7rGVvAs26t9sBYspnqPuDBLi7ASf9fwWw/W4CkgABAJD/5wZNBDoAHAClshsdHhESOQCwAEVYsAQvG7EEGj5ZsABFWLAILxuxCBo+WbAARViwGS8bsRkSPlmwAEVYsAIvG7ECEj5ZsAfQsAcvsm8HAV20vwfPBwJdsj8HAXG0zwffBwJxsg8HAXK0nwevBwJxsv8HAV2yDwcBcbKfBwFdsi8HAV20bwd/BwJysQABsAorWCHYG/RZsBkQsQ0BsAorWCHYG/RZshIZCBESOTAxASERIxEzESERMxEUFjM2Njc2JzMXFgcGAiMGJicDQ/4GubkB+rlcTWx8BARBshcwAwTmu6ezCAHN/jMEOv4qAdb9IWR1ArWrrNFTsXnq/vEEt7sAAQB2/+sEoAXFACIASbIVIyQREjkAsABFWLAJLxuxCR4+WbAARViwAC8bsQASPlmwCRCxDgGwCitYIdgb9FmwABCxFgGwCitYIdgb9FmyGwAJERI5MDEFIiQCJxE0EiQzMhcHJiMiAhUVFBYWMzY2NzYnMxcWBw4CArmk/viVApQBCqXchzuGoqzXYrBxjZYDAzW6JhMBAnveFZsBGK0BEK8BHp1YikT+/tL+g9V1ApmGms+zW1uIyW0AAQBl/+sDxwROAB4ARrITHyAREjkAsABFWLATLxuxExo+WbAARViwCy8bsQsSPlmxAAGwCitYIdgb9FmyBQsTERI5sBMQsRgBsAorWCHYG/RZMDElNjY3NCczFgcGBiMiADU1NDY2MzIXByYjIgYVFRQWAlFgWgIUshwBBMSt3P7wdtaLuWAsY4qDm6aCAlBZenKWVpmpATL3Hpf5jEKQOtyzH6vbAAEAI//nBUcFsAAYAE+yBRkaERI5ALAARViwAi8bsQIePlmwAEVYsBUvG7EVEj5ZsAIQsQABsAorWCHYG/RZsATQsAXQsBUQsQkBsAorWCHYG/RZsg4CFRESOTAxASE1IRUhERQWMzY2Eic3FhYHDgIjBiYnAf7+JQSA/hxcTIaUCEK6GysDAnnZiaq3CAUSnp78SGByAtABbtsBYspnqfmEBLe8AAABAEb/5wS3BDoAGABPshYZGhESOQCwAEVYsAIvG7ECGj5ZsABFWLAVLxuxFRI+WbACELEAAbAKK1gh2Bv0WbAE0LAF0LAVELEJAbAKK1gh2Bv0WbIOFQIREjkwMQEhNSEVIREUFjM2Njc2JzMWFgcGBiMGJicBrP6aA4v+lV5NcXcDBECyKhsBBOi5qrMIA6SWlv21Y3QCnYmXrn2MPNDvBLm5AAEAlv/sBP8FxQApAHKyJCorERI5ALAARViwFi8bsRYePlmwAEVYsAsvG7ELEj5ZsQMBsAorWCHYG/RZsAsQsAbQsiULFhESObAlL7LPJQFdsp8lAXGxJgGwCitYIdgb9FmyECYlERI5sBYQsBvQsBYQsR4BsAorWCHYG/RZMDEBFBYzMjY1MxQGBiMgJDU0JSYmNTQkITIWFhUjNCYjIgYVFBYXMxUjBgYBWM+wm8zBjf6d/vv+xAEUeIYBJQEGk/WMwcGSp8Kto8TEsbUBkniSmHSDvmflxf9WMKZlxNtlunVnj4h2dX0CngJ+AP//AC/+SwWsBbAAJgDdAAAABwJUBEUAAP//ACz+SwS7BDoAJgDyAAAABwJUA1QAAAACAG8EcALJBdYABQANACMAsAsvsAfQsAcvsAHQsAEvsAsQsATQsAQvsAXQGbAFLxgwMQETMxUDIwEzFRYXByY1AZF0xN9Z/t6oA1BJsgSUAUIV/sMBUlt7VTtfuwD//wAlAh8CDQK2AAYAEQAA//8AJQIfAg0CtgAGABEAAP//AKMCiwSNAyIARgGv2QBMzUAA//8AkQKLBckDIgBGAa+EAGZmQAAAAgAN/msDoQAAAAMABwAIALIFAgMrMDEBITUhNSE1IQOh/GwDlPxsA5T+a5dnlwAAAQBgBDEBeAYTAAgAIbIICQoREjkAsABFWLAALxuxACA+WbIFCQAREjmwBS8wMQEXBgcVIzU0NgEOal0DuGEGE0h/k4h0ZsgAAQAwBBYBRwYAAAgAIbIICQoREjkAsABFWLAELxuxBCA+WbIACQQREjmwAC8wMRMnNjc1MxUGBplpXQO3AWEEFkiCkJCCZMcAAQAk/uUBOwC1AAgAH7IICQoREjkAsAkvsQQFsAorWCHYG/RZsADQsAAvMDETJzY3NTMVFAaNaVsDuWP+5Ul/knZkZcoAAAEATwQWAWcGAAAIAAwAsAgvsATQsAQvMDEBFRYXByYmJzUBBgRdak1fAgYAk5B/SEDCYYcA//8AaAQxArsGEwAmAYQIAAAHAYQBQwAA//8APAQWAoYGAAAmAYUMAAAHAYUBPwAAAAIAJP7TAmQA9gAIABEAMbIKEhMREjmwChCwBdAAsBIvsQQFsAorWCHYG/RZsADQsAAvsAnQsAkvsAQQsA3QMDETJzY3NTMVFAYXJzY3NTMVFAaNaVsDuWPdaVsDumH+00iJmbmkbNNASImZuaRr0QABAEYAAAQkBbAACwBMALAARViwCC8bsQgePlmwAEVYsAYvG7EGGj5ZsABFWLAKLxuxCho+WbAARViwAi8bsQISPlmwChCxAAGwCitYIdgb9FmwBNCwBdAwMQEhESMRITUhETMRIQQk/my6/nABkLoBlAOh/F8DoZkBdv6KAAABAFf+YAQ0BbAAEwB+ALAARViwDC8bsQwePlmwAEVYsAovG7EKGj5ZsABFWLAOLxuxDho+WbAARViwAi8bsQIUPlmwAEVYsAAvG7EAEj5ZsABFWLAELxuxBBI+WbEGAbAKK1gh2Bv0WbAOELEIAbAKK1gh2Bv0WbAJ0LAQ0LAR0LAGELAS0LAT0DAxISERIxEhNSERITUhETMRIRUhESEENP5quv5zAY3+cwGNugGW/moBlv5gAaCXAwqZAXb+ipn89gAAAQCKAhcCIgPLAA0AF7IKDg8REjkAsAMvsAqwCitY2BvcWTAxEzQ2MzIWFRUUBiMiJjWKb1xbcm5eXW8DBFdwbV0lV25vWAD//wCU//UDLwDRACYAEgQAAAcAEgG5AAD//wCU//UEzgDRACYAEgQAACcAEgG5AAAABwASA1gAAAABAFICAgEsAtUACwAZsgMMDRESOQCwAy+xCQWwCitYIdgb9FkwMRM0NjMyFhUUBiMiJlI2NjY4ODY2NgJrLT09LS08PAAABgBE/+sHVwXFABUAIwAnADUAQwBRALyyAlJTERI5sAIQsBvQsAIQsCbQsAIQsCjQsAIQsDbQsAIQsEnQALAARViwGS8bsRkePlmwAEVYsBIvG7ESEj5ZsAPQsAMvsAfQsAcvsBIQsA7QsA4vsBkQsCDQsCAvsiQSGRESObAkL7ImGRIREjmwJi+wEhCxKwSwCitYIdgb9FmwAxCxMgSwCitYIdgb9FmwKxCwOdCwMhCwQNCwIBCxRwSwCitYIdgb9FmwGRCxTgSwCitYIdgb9FkwMQE0NjMyFzYzMhYVFRQGIyInBiMiJjUBNDYzMhYVFRQGIyImNQEnARcDFBYzMjY1NTQmIyIGFQUUFjMyNjU1NCYjIgYVARQWMzI2NTU0JiMiBhUDN6eDmE1Pl4Oop4KZT0yXgqr9DaeDhKelhIKqAWloAsdos1hKSFZXSUdZActYSUhWV0lIV/tCWEpHV1ZKSFgBZYOpeXmoi0eDqXh4p4sDe4OqqohIgaqni/wcQgRyQvw3T2VjVUpPZGNUSk9lZlJKT2RkUwLqTmViVUlOZmVTAAABAGwAmQIgA7UABgAQALAFL7ICBwUREjmwAi8wMQEBIwE1ATMBHgECjf7ZASeNAib+cwGEEwGFAAEAWQCYAg4DtQAGABAAsAAvsgMHABESObADLzAxEwEVASMBAecBJ/7ZjgEC/v4Dtf57E/57AY4BjwABADsAbgNqBSIAAwAJALAAL7ACLzAxNycBF6NoAsdobkIEckIA//8ANgKbArsFsAMHAiAAAAKbABMAsABFWLAJLxuxCR4+WbAN0DAxAAABAHoCiwL4BboADwBUsgoQERESOQCwAEVYsAAvG7EAHj5ZsABFWLADLxuxAx4+WbAARViwDS8bsQ0WPlmwAEVYsAYvG7EGFj5ZsgENAxESObADELEKA7AKK1gh2Bv0WTAxExc2MyARESMRJiMiBxEjEfoeSpIBBKoDjW4sqgWre4r+xv4LAea5bf3OAyAAAQBbAAAEaAXEACkAmrIhKisREjkAsABFWLAZLxuxGR4+WbAARViwBi8bsQYSPlmyKRkGERI5sCkvsQACsAorWCHYG/RZsAYQsQQBsAorWCHYG/RZsAjQsAnQsAAQsA7QsCkQsBDQsCkQsBXQsBUvtg8VHxUvFQNdsRICsAorWCHYG/RZsBkQsB3QsBkQsSABsAorWCHYG/RZsBUQsCTQsBIQsCbQMDEBIRcUByEHITUzNjY3NScjNTMnIzUzJzQ2MzIWFSM0JiMiBhUXIRUhFyEDFf6xAz4C3QH7+E0oMgIDqqYEop0G9ci+3r9/b2mCBgFc/qkEAVMB1kSaW52dCYNgCEV9iH23x+7UsWt8mn23fYgABQAfAAAGNgWwABsAHwAjACYAKQCzALAARViwFy8bsRcePlmwAEVYsBovG7EaHj5ZsABFWLAMLxuxDBI+WbAARViwCS8bsQkSPlmyEAwXERI5sBAvsBTQsBQvtA8UHxQCXbAk0LAkL7AY0LAYL7AA0LAAL7AUELETAbAKK1gh2Bv0WbAf0LAj0LAD0LAQELAc0LAcL7Ag0LAgL7AE0LAEL7AQELEPAbAKK1gh2Bv0WbAL0LAp0LAH0LImFwwREjmyJwkaERI5MDEBMxUjFTMVIxEjASERIxEjNTM1IzUzETMBIREzASEnIwUzNSElMycBNSMFV9/f39/C/sH+YsDZ2dnZwAFRAY+//GEBO2HaAhTM/tT+THd3AuBoA6yYlJj+GAHo/hgB6JiUmAIE/fwCBPzQlJSUmLb8558AAAIAp//sBgMFsAAfACgAprIjKSoREjmwIxCwEdAAsABFWLAWLxuxFh4+WbAARViwGi8bsRoaPlmwAEVYsB4vG7EeGj5ZsABFWLAKLxuxChI+WbAARViwFC8bsRQSPlmwHhCxAAGwCitYIdgb9FmwChCxBQGwCitYIdgb9FmwABCwDtCwD9CyIRQWERI5sCEvsRIBsAorWCHYG/RZsB4QsB3QsB0vsBYQsScBsAorWCHYG/RZMDEBIxEUFjMyNxcGIyImNREjBgYHIxEjESEyFhczETMRMwEzMjY1NCYnIwX+yjZBIzQBSUZ8fo8U58fJuQF5yu0Uj7rK+2LAi4uHhMsDq/1hQUEMlhSWigKft70C/csFsMC2AQb++v6SjZeYjgL//wCo/+wIEAWwACYANgAAAAcAVwRVAAAABwAfAAAFzAWwAB8AIwAnACsAMAA1ADoA/rI5OzwREjmwORCwHtCwORCwItCwORCwJ9CwORCwK9CwORCwLdCwORCwM9AAsABFWLACLxuxAh4+WbAARViwDC8bsQwSPlmwAEVYsBAvG7EQEj5ZsggCDBESObAIL7AE0LAEL7AA0LAEELEGAbAKK1gh2Bv0WbAIELEKAbAKK1gh2Bv0WbAO0LAKELAS0LAIELAU0LAGELAW0LAEELAY0LACELAa0LAEELAc0LACELAe0LAIELAg0LAGELAi0LAIELAk0LAGELAm0LAIELAo0LAGELAq0LAKELAt0LIwAgwREjmwChCwMtCyNQIMERI5sAQQsDbQsjkCDBESOTAxATMTMwMzFSMHMxUjAyMDIwMjAyM1MycjNTMDMxMzEzMBMzcjBTM3IwUzJyMDNyMXFyU3IxcXATMnJwcDp+pYwWWHqCnR8Wa4VuVYuGfszCmjgmXAW/FWs/5IcCO4AnFsJLP+3K4iaNYCNwEXAmUBNQIb/sAyARgYA9QB3P4kmMKY/h4B4v4eAeKYwpgB3P4kAdz8ysLCwsLC/pwKBtLSBgfLAsQHrbEAAAIAjAAABZ4EOgANABsAZgCwAEVYsBYvG7EWGj5ZsABFWLAALxuxABo+WbAARViwCy8bsQsSPlmwAEVYsA4vG7EOEj5ZsREBsAorWCHYG/RZsgURABESObAFL7AAELEKAbAKK1gh2Bv0WbIPCgsREjmwDy8wMQEyFhcRIxE0JichESMRAREzESEyNjcRMxEGBgcCuq+oBLllb/69uQGJuQE+cWcBuQKlrQQ6wb/+owFMf3gB/F8EOvvGAt39u3V+Aq/9TsLEAgAAAQBf/+wEHAXEACMAi7IVJCUREjkAsABFWLAWLxuxFh4+WbAARViwCS8bsQkSPlmyIwkWERI5sCMvsQACsAorWCHYG/RZsAkQsQQBsAorWCHYG/RZsAAQsAzQsCMQsA/QsCMQsB/QsB8vtg8fHx8vHwNdsSACsAorWCHYG/RZsBDQsB8QsBPQsBYQsRsBsAorWCHYG/RZMDEBIRYWMzI3FwYjIgADIzUzNSM1MxIAMzIXByYjIgYHIRUhFSEDUf6ABLSldGYUeHj4/uMGsrKysgoBHfNqhxRtbqSxBgF//oABgAIdw9IioB4BJQEMfIl9AQYBHx+iI8u8fYkABAAfAAAFvAWwABkAHgAjACgAvACwAEVYsAsvG7ELHj5ZsABFWLABLxuxARI+WbALELEoAbAKK1gh2Bv0WbIkKAEREjmwJC+ycCQBcbYAJBAkICQDXbEcAbAKK1gh2Bv0WbAd0LAdL7JwHQFxtgAdEB0gHQNdsSABsAorWCHYG/RZsCHQsCEvsnAhAXGyICEBXbEAAbAKK1gh2Bv0WbAgELAD0LAdELAG0LAGL7AcELAH0LAkELAK0LAkELAP0LAcELAS0LAdELAU0LAULzAxAREjESM1MzUjNTM1ITIWFzMVIxcHMxUjBiEBJyEVIQchFSEyASEmIyEBpcDGxsbGAhmx6zbswwMCwuVr/owBRAT9bQKVP/2qAVms/fsCSlSe/qgCOv3GAzCXXpf0hHCXMiyX9gG3NF6XWQHlVgAAAQAqAAAD+AWwABoAaQCwAEVYsBkvG7EZHj5ZsABFWLAMLxuxDBI+WbAZELEYAbAKK1gh2Bv0WbAB0LAYELAU0LAUL7AD0LAUELETAbAKK1gh2Bv0WbAG0LATELAO0LAOL7EJAbAKK1gh2Bv0WbINCQ4REjkwMQEjFhczByMGBiMBFSMBJzM2NjchNyEmJyE3IQPK7EARyS6YEvbbAe3j/e4B+X2cFf29LgITMPb+5y8DnQUSUXWesrT9xAwCaX0Ba1yevgieAAABACD/7gQaBbAAHgCQALAARViwES8bsREePlmwAEVYsAUvG7EFEj5ZshMRBRESObATL7AX0LAXL7IAFwFdsRgBsAorWCHYG/RZsBnQsAjQsAnQsBcQsBbQsAvQsArQsBMQsRQBsAorWCHYG/RZsBXQsAzQsA3QsBMQsBLQsA/QsA7QsAUQsRoBsAorWCHYG/RZsh4FERESObAeLzAxARUGAgQjIicRBzU3NQc1NxEzETcVBxU3FQcRNhIRNQQaApD+969QbPT09PTA+/v7+77JAwNk0v7HphICWm+yb5lvsm8BWf7/c7JzmXOyc/3eAgEQAQlYAAABAF0AAATrBDoAFwBdsgAYGRESOQCwAEVYsBYvG7EWGj5ZsABFWLAELxuxBBI+WbAARViwCi8bsQoSPlmwAEVYsBAvG7EQEj5ZsgAKFhESObAAL7EJAbAKK1gh2Bv0WbAM0LAAELAV0DAxARYAERUjNSYCJxEjEQYCBxUjNRIANzUzAv/nAQW5Ap6TuY+fArkDAQffuQNxIf6N/tq3yN8BBSD9NALKIf712MbFAR0BbSLJAAACAB8AAAUDBbAAFgAfAHAAsABFWLAMLxuxDB4+WbAARViwAy8bsQMSPlmyBgMMERI5sAYvsQUBsAorWCHYG/RZsAHQsAYQsArQsAovtA8KHwoCXbEJAbAKK1gh2Bv0WbAU0LAGELAV0LAKELAX0LAMELEfAbAKK1gh2Bv0WTAxASERIxEjNTM1IzUzESEyBBUUBAchFSEBITI2NTQmJyEC/P6xv8/Pz88CGeoBEv758v6jAU/+sQFam6Koj/6gARP+7QETnomdAtnuy9XnAYkBJpKMf50BAAAEAHr/6wWDBcUAGwAnADUAOQC7shw6OxESObAcELAA0LAcELAo0LAcELA40ACwAEVYsAovG7EKHj5ZsABFWLAlLxuxJRI+WbAKELAD0LADL7IOCgMREjm2Kg46DkoOA12wChCxEQSwCitYIdgb9FmwAxCxGASwCitYIdgb9FmyGwMKERI5tDYbRhsCXbIlGwFdsCUQsB/QsB8vsCUQsSsEsAorWCHYG/RZsB8QsTIEsAorWCHYG/RZsjYlChESObA2L7I4CiUREjmwOC8wMQEUBiMiJjU1NDYzMhYVIzQmIyIGFRUUFjMyNjUBNDYgFhUVFAYgJjUXFBYzMjY1NTQmIyIGFQUnARcCqJh7eqGee3mciklCQU1PQT1MARCnAQaop/78qopYSkhWV0lHWf4GaQLHaQQebpCoiUeCq5FvOk1mUklOZUw6/UeDqaiLR4Opp4sGT2VjVUpPZGNU80IEckIAAAIAaP/rA2oGEwAXACEAZ7ITIiMREjmwExCwGNAAsABFWLAMLxuxDCA+WbAARViwAC8bsQASPlmyBgwAERI5sAYvsQUBsAorWCHYG/RZsBPQsAAQsRcBsAorWCHYG/RZsAYQsBjQsAwQsR8BsAorWCHYG/RZMDEFIiY1BiM1MjcRNjYzMhYVFRQCBxUUFjMDNjY1NTQmIyIHAszC0mJucV8BnYV4l86ra3DbWWcwJmcDFerrHLAjAiSyxq2TJcH+j2timo0CY1X1eydSTNEABACiAAAHxgXAAAMAEAAeACgAprIfKSoREjmwHxCwAdCwHxCwBNCwHxCwEdAAsABFWLAnLxuxJx4+WbAARViwJS8bsSUePlmwAEVYsAcvG7EHHj5ZsABFWLAiLxuxIhI+WbAARViwIC8bsSASPlmwBxCwDdCwAtCwAi+yEAIBXbEBA7AKK1gh2Bv0WbANELEUA7AKK1gh2Bv0WbAHELEbA7AKK1gh2Bv0WbIhJSAREjmyJiAlERI5MDEBITUhATQ2IBYVFRQGIyImNRcUFjMyNjc1NCYjIgYVASMBESMRMwERMwek/ZkCZ/11ugE4u7mcnrqjX1ZUXQFfVVRf/rzM/a+5ywJUtwGcjgI9m767o12duruhBWJramBlYWtrY/ubBG77kgWw+48EcQAAAgBnA5cEOAWwAAwAFABuALAARViwBi8bsQYePlmwAEVYsAkvG7EJHj5ZsABFWLATLxuxEx4+WbIBFQYREjmwAS+yAAkBERI5sgMBBhESObAE0LIIAQkREjmwARCwC9CwBhCwDbAKK1jYG9xZsAEQsA/QsA0QsBHQsBLQMDEBAyMDESMRMxMTMxEjASMRIxEjNSED3ow0jFpwkJBwWv4Lk1uUAYIFIf52AYn+dwIZ/nEBj/3nAcj+OAHIUQACAJj/7ASTBE4AFQAcAGWyAh0eERI5sAIQsBbQALAARViwCi8bsQoaPlmwAEVYsAIvG7ECEj5ZshoKAhESObAaL7EPCrAKK1gh2Bv0WbACELETCrAKK1gh2Bv0WbIVCgIREjmwChCxFgqwCitYIdgb9FkwMSUGIyImAjU0EjYzMhYWFxUhERYzMjcBIgcRIREmBBa3u5H0h5D4hIXjhAP9AHeaxKz+kJd6AhxzXnKdAQGTjwEDn4vzkD7+uG56Ayp6/usBHnEA//8AVP/1BbMFmwAnAcb/2gKGACcBlADmAAABBwIkAxQAAAAQALAARViwBS8bsQUePlkwMf//AGT/9QZTBbQAJwIfACYClAAnAZQBpQAAAQcCJAO0AAAAEACwAEVYsA4vG7EOHj5ZMDH//wBj//UGSQWkACcCIQAIAo8AJwGUAYMAAAEHAiQDqgAAABAAsABFWLABLxuxAR4+WTAx//8AWf/1Bf0FpAAnAiMAHwKPACcBlAEgAAABBwIkA14AAAAQALAARViwBS8bsQUePlkwMQACAGr/6wQyBewAGwAqAF6yFSssERI5sBUQsCPQALANL7AARViwFS8bsRUSPlmyAA0VERI5sAAvsgMAFRESObANELEHAbAKK1gh2Bv0WbAAELEcAbAKK1gh2Bv0WbAVELEjAbAKK1gh2Bv0WTAxATIWFy4CIyIHJzc2MyAAERUUAgYjIgA1NTQAFyIGFRUUFjMyNjU1JyYmAjxdpjoOaaZggZsQMXSXAQcBH3jekNr++AEA5Iyfn4qOnwQcoAP+TUSM2Xk7lxUw/k7+bjK8/talASP2DtwBEJi7oBCqz/nbPQ9aagABAKn/KwTlBbAABwAoALAEL7AARViwBi8bsQYePlmwBBCwAdCwBhCxAgGwCitYIdgb9FkwMQUjESERIxEhBOW5/Ta5BDzVBe36EwaFAAABAEX+8wSrBbAADAA3ALADL7AARViwCC8bsQgePlmwAxCxAgGwCitYIdgb9FmwBdCwCBCxCgGwCitYIdgb9FmwB9AwMQEBIRUhNQEBNSEVIQEDa/27A4X7mgJh/Z8EGfzHAkYCQf1KmI8CzALSkJj9QgABAKgCiwPrAyIAAwAcALAARViwAi8bsQIYPlmxAQGwCitYIdgb9FkwMQEhNSED6/y9A0MCi5cAAAEAPwAABJgFsAAIAD2yAwkKERI5ALAHL7AARViwAS8bsQEePlmwAEVYsAMvG7EDEj5ZsgABAxESObAHELEGAbAKK1gh2Bv0WTAxAQEzASMDIzUhAjABq7394o31uQE7ARwElPpQAnSaAAADAGL/6wfLBE4AHAAsADwAcbIHPT4REjmwBxCwJNCwBxCwNNAAsABFWLAELxuxBBI+WbAARViwCi8bsQoSPlmwE9CwEy+wGdCwGS+yBxkEERI5shYZBBESObAKELEgAbAKK1gh2Bv0WbATELEpAbAKK1gh2Bv0WbAw0LAgELA50DAxARQCBiMiJicGBiMiJgI1NTQSNjMyFhc2NjMyABUFFBYzMjY3NzUuAiMiBhUlNCYjIgYHBxUeAjMyNjUHy37fiZHuUFHskInegH7fiJHtUVDvks4BFvlQpohyuTQLGHKSUIamBfemhXO8NQkWdZBQiKUCD5P/AJG4sbO2jwEAlxiTAQCSt7Oxuf7B8w2x3LyjJypjwGHcuQiu372oHyphxWDeuAAB/7D+SwKOBhUAFQA/sgIWFxESOQCwAEVYsA4vG7EOID5ZsABFWLADLxuxAxQ+WbEIAbAKK1gh2Bv0WbAOELETAbAKK1gh2Bv0WTAxBRQGIyInNxYzMjURNDYzMhcHJiMiFQFlpJ45OhIuIZuxoTxUGCU2tmuiqBSRDbEFGaq+FY4L2wACAGUBGAQLA/QAFQArAJGyHCwtERI5sBwQsAXQALADL7IPAwFdsA3QsA0vsgANAV2xCAGwCitYIdgb9FmwAxCwCtCwCi+wAxCxEgGwCitYIdgb9FmwDRCwFdCwFS+wDRCwGdCwGS+wI9CwIy+yACMBXbEeAbAKK1gh2Bv0WbAZELAg0LAgL7AZELEoAbAKK1gh2Bv0WbAjELAr0LArLzAxEzY2MzYXFxYzMjcVBiMiJycmByIGBwc2NjM2FxcWMzI3FwYjIicnJgciBgdmMINCUkqYQk6GZmeFTkKhRE9CgzABMIJCUkqVRFCFZgFnhU5CmEpSQoMwA4UzOgIjTh+Avm0fUx8CRDzlMzsCI00hgL1tH04jAkQ8AAABAJgAmwPaBNUAEwA5ALATL7EAAbAKK1gh2Bv0WbAE0LATELAH0LATELAP0LAPL7EQAbAKK1gh2Bv0WbAI0LAPELAL0DAxASEHJzcjNSE3ITUhExcHMxUhByED2v3tjl9srgELlf5gAf6ZX3fD/t+UAbUBj/Q7uaD/oQEGO8uh/wD//wA+AAIDgQQ9AGYAIABhQAA5mgEHAa//lv13AB0AsABFWLAFLxuxBRo+WbAARViwCC8bsQgSPlkwMQD//wCFAAED3ARQAGYAIgBzQAA5mgEHAa//3f12AB0AsABFWLACLxuxAho+WbAARViwCC8bsQgSPlkwMQAAAgArAAAD3AWwAAUACQA4sggKCxESObAIELAB0ACwAEVYsAAvG7EAHj5ZsABFWLADLxuxAxI+WbIGAAMREjmyCAADERI5MDEBMwEBIwkEAbyMAZT+cI3+bAHW/ukBHAEYBbD9J/0pAtcCD/3x/fICDgD//wC1AKcBmwT1ACcAEgAlALIABwASACUEJAACAG4CeQIzBDoAAwAHACwAsABFWLACLxuxAho+WbAARViwBi8bsQYaPlmwAhCwANCwAC+wBNCwBdAwMRMjETMBIxEz+42NATiNjQJ5AcH+PwHBAAABAFz/XwFXAO8ACAAgsggJChESOQCwCS+wBNCwBC+0QARQBAJdsADQsAAvMDEXJzY3NTMVFAbFaUgCsU+hSG1/XExbswD//wA8AAAE9gYVACYASgAAAAcASgIsAAAAAgAfAAADzQYVABUAGQCFsggaGxESObAIELAX0ACwAEVYsAgvG7EIID5ZsABFWLADLxuxAxo+WbAARViwES8bsREaPlmwAEVYsBgvG7EYGj5ZsABFWLAALxuxABI+WbAARViwFi8bsRYSPlmwAxCxAQGwCitYIdgb9FmwCBCxDQGwCitYIdgb9FmwARCwE9CwFNAwMTMRIzUzNTQ2MzIXByYjIgYVFTMVIxEhIxEzyqurz71wqx99cXdp3d0CSbq6A6uPXLXKPZwya2tej/xVBDoAAQA8AAAD6QYVABYAXgCwAEVYsBIvG7ESID5ZsABFWLAGLxuxBho+WbAARViwCS8bsQkSPlmwAEVYsBYvG7EWEj5ZsBIQsQIBsAorWCHYG/RZsAYQsQcBsAorWCHYG/RZsAvQsAYQsA7QMDEBJiMiFRUzFSMRIxEjNTM1NjYzMgURIwMwfEzI5+e5q6sBwLFlASu5BWMU0muP/FUDq492rbg9+igAAAIAPAAABjIGFQAnACsAnwCwAEVYsBYvG7EWID5ZsABFWLAILxuxCCA+WbAARViwIC8bsSAaPlmwAEVYsBIvG7ESGj5ZsABFWLAELxuxBBo+WbAARViwKi8bsSoaPlmwAEVYsCkvG7EpEj5ZsABFWLAjLxuxIxI+WbAARViwJy8bsScSPlmwIBCxIQGwCitYIdgb9FmwJdCwAdCwCBCxDQGwCitYIdgb9FmwG9AwMTMRIzUzNTQ2MzIXByYjIgYVFSE1NDYzMhcHJiMiBhUVMxUjESMRIREhIxEz56uruqpAPwovNVpiAZDPvXCrH31yd2ne3rn+cASSubkDq49vrr4RlglpYnJctco9nDJqbF6P/FUDq/xVBDoAAAEAPAAABjIGFQAoAGwAsABFWLAILxuxCCA+WbAARViwIS8bsSEaPlmwAEVYsCgvG7EoEj5ZsCEQsSIBsAorWCHYG/RZsCbQsAHQsCEQsBLQsATQsAgQsQ0BsAorWCHYG/RZsAgQsBbQsCgQsCXQsBrQsA0QsB3QMDEzESM1MzU0NjMyFwcmIyIGFRUhNTY2MzIFESMRJiMiFRUzFSMRIxEhEeerq7qqQD8KLzVaYgGQAcCxZQEruXxMyOfnuf5wA6uPb66+EZYJaWJydq24PfooBWMU0muP/FUDq/xVAAEAPP/sBJsGFQAmAHYAsABFWLAhLxuxISA+WbAARViwHS8bsR0aPlmwAEVYsBgvG7EYEj5ZsABFWLAKLxuxChI+WbAdELAQ0LAl0LEBAbAKK1gh2Bv0WbAKELEFAbAKK1gh2Bv0WbABELAO0LAhELEVAbAKK1gh2Bv0WbAOELAa0DAxASMRFBYzMjcXBiMiJjURIzUzESYnJyIVESMRIzUzNTQ2MzIWFxEzBJbKNkEjNAFJRnx+xcU9Zhi3uaurs6Bd21rKA6v9YUFBDJYUlooCn48BHxwHAd37YAOrj3Ctvjks/ooAAQBf/+wGVAYRAEwAzbIWTU4REjkAsABFWLBHLxuxRyA+WbAARViwDy8bsQ8aPlmwAEVYsEsvG7FLGj5ZsABFWLBALxuxQBo+WbAARViwCS8bsQkSPlmwAEVYsCwvG7EsEj5ZsEsQsQEBsAorWCHYG/RZsAkQsQQBsAorWCHYG/RZsAEQsA3QsEcQsRQBsAorWCHYG/RZsh1ALBESObBAELEgAbAKK1gh2Bv0WbI6LEAREjmwOhCxJQGwCitYIdgb9FmyMSxAERI5sCwQsTQBsAorWCHYG/RZMDEBIxEUMzI3FwYjIiY1ESM1MzU0JiMiBhUUHgIVIzQmIyIGFRQWBBYWFRQGIyImJjUzFhYzMjY1NCYkJiY1NDYzMhcmNTQ2MzIWFRUzBk/KdyM0AU1CdoS8vGZiWFwfJR66gWJlcmoBFaxT6LmCyHG5BYtyaX9x/uelT+GvYFYsypu5ycoDq/1+nwyWFKaXAoKPVXJ1WEY7aXB8TExuWEdDRD5WeVeRr1ylYF1tVUdLUzxUdFCFuB5uUnylx8NNAAAWAFv+cgfuBa4ADQAaACgANwA9AEMASQBPAFYAWgBeAGIAZgBqAG4AdgB6AH4AggCGAIoAjgHGshCPkBESObAQELAA0LAQELAb0LAQELAw0LAQELA80LAQELA+0LAQELBG0LAQELBK0LAQELBQ0LAQELBX0LAQELBb0LAQELBh0LAQELBj0LAQELBn0LAQELBt0LAQELBw0LAQELB30LAQELB70LAQELB/0LAQELCE0LAQELCI0LAQELCM0ACwPS+wAEVYsEYvG7FGHj5Zsn5JAyuyensDK7KCdwMrsn86AyuyCj1GERI5sAovsAPQsAMvsA7QsA4vsAoQsA/QsA8vslAODxESObBQL7FvB7AKK1gh2Bv0WbIVUG8REjmwChCxHgewCitYIdgb9FmwAxCxJQewCitYIdgb9FmwDxCwKdCwKS+wDhCwLtCwLi+xNAewCitYIdgb9FmwPRCxPAqwCitYIdgb9FmwPRCwa9CwZ9CwY9CwPtCwPBCwbNCwaNCwZNCwP9CwOhCwQdCwRhCwYNCwXNCwWNCwS9CxSgqwCitYIdgb9FmwWtCwXtCwYtCwR9CwSRCwTtCwDhCxUQewCitYIdgb9FmwDxCxdgewCitYIdgb9FmwdxCwhNCwehCwhdCwexCwiNCwfhCwidCwfxCwjNCwghCwjdAwMQEUBiMiJic1NDYzMhYXExEzMhYVFAcWFhUUIwE0JiMiBhUVFBYzMjY1ATMRFAYjIiY1MxQzMjY1AREzFTMVITUzNTMRAREhFSMVJTUhESM1ARUzMjU0JxM1IRUhNSEVITUhFQE1IRUhNSEVITUhFRMzMjU0JiMjASM1MzUjNTMRIzUzJSM1MzUjNTMRIzUzAzmBZGaAAn5oZYACQ7xiclQyNND+j0pBQEpKQkBJA7pcaVJYbV1oKTb5xHHEBSjHb/htATXEBewBNm/8XH5nYssBFv1bARX9XAEUAgoBFv1bARX9XAEUvF12Ojxd/PFxcXFxcXEHIm9vb29vbwHUYnl4XnVffHhe/rMCJUlNVCANRi2bAUhFTk5FcEVOTkUBT/6GTl1RU1s2LPzJATvKcXHK/sUGHwEddKmpdP7jqfy2qVNSBANKdHR0dHR0+ThxcXFxcXEDxFApHv7T/H76/BX5fvx++vwV+QAFAFz91QfXCHMAAwAcACAAJAAoAFKzEREQBCuzBBEcBCuzChEXBCuwBBCwHdCwHBCwHtAAsCEvsCUvshweAyuwJRCwANCwAC+wIRCwAtCwAi+yDQACERI5sA0vsh8eAhESObAfLzAxCQMFNDY3NjY1NCYjIgYHMzY2MzIWFRQHBgYVFyMVMwMzFSMDMxUjBBgDv/xB/EQEDx4kSlynlZCgAssCOis5OF1bL8rKyksEBAIEBAZS/DH8MQPP8To6GCeHSoCXi38zNEA0XzxBXExbqv1MBAqeBAABAEIAAAKrAyAAFgBWsggXGBESOQCwAEVYsA4vG7EOGD5ZsABFWLAALxuxABI+WbEVArAKK1gh2Bv0WbAC0LIUFQ4REjmyAw4UERI5sA4QsQgCsAorWCHYG/RZsA4QsAvQMDEhITUBNjU0JiMiBhUjNDYgFhUUDwIhAqv9qQEsbUA8S0edpwEImmtUsAGPbAEaZkUxPUw5cpR/bmhrT5EAAQB6AAAB7wMVAAYANgCwAEVYsAUvG7EFGD5ZsABFWLABLxuxARI+WbIEBQEREjmwBC+xAwKwCitYIdgb9FmwAtAwMSEjEQc1JTMB753YAWMSAlk5gHUAAAIAUP/1Ap0DIAANABcASLIDGBkREjmwAxCwENAAsABFWLAKLxuxChg+WbAARViwAy8bsQMSPlmwChCxEAKwCitYIdgb9FmwAxCxFQKwCitYIdgb9FkwMQEUBiMiJic1NDYzMhYXJzQjIgcVFDMyNwKdmI2LnAGbi42YAp2KhQSLhAQBRaKurKCOo66snQfAtLPCtQACAFX/+gOaBJ0AEwAgAFQAsABFWLAILxuxCBw+WbAARViwEC8bsRASPlmyAhAIERI5sAIvsBAQsREBsAorWCHYG/RZsAIQsRQBsAorWCHYG/RZsAgQsRsBsAorWCHYG/RZMDEBBiMiJjU0NjMyFhUVEAAFIzUzJAMyNjc1NCYjIgYVFBYC32Wrrszlusbg/sz+1CkjAZTXT4MehGlof3wB7G7XsLTk/uI//sH+wAWYBwF4T0BChJ6PbG2LAAMAYP/wA60EnQAVACEALABlALAARViwEy8bsRMcPlmwAEVYsAkvG7EJEj5ZsCrQsCovst8qAV2yHyoBXbEZAbAKK1gh2Bv0WbIDKhkREjmyDhkqERI5sAkQsR8BsAorWCHYG/RZsBMQsSUBsAorWCHYG/RZMDEBFAYHFhYVFAYgJjU0NjcmJjU0NiAWAzQmIyIGFRQWMzI2AzQmIyIGFRQWMjYDkGNVYnPo/oTpcWJVYNYBYtqcg2xrgH9ubYAedF1ebm++cANaVocmJpNil7WzmWOSJyaGVpSvr/1YVm5sWFtkZwJlTmRhUVBiYwABAEIAAAPABI0ABgA6sgEHCBESOQCwAEVYsAUvG7EFHD5ZsABFWLABLxuxARI+WbAFELEDAbAKK1gh2Bv0WbIABQMREjkwMQEBIwEhNSEDwP3owwIX/UYDfgQk+9wD9JkAAAIAcv/wA7sEkwAVACAAZbIHISIREjmwBxCwFtAAsABFWLAALxuxABw+WbAARViwDi8bsQ4SPlmwABCxAQGwCitYIdgb9FmyCA4AERI5sAgvsgUIDhESObEWAbAKK1gh2Bv0WbAOELEcAbAKK1gh2Bv0WTAxARUjBgYHNjYzMhYVFAYjIiY1NRAAIQMiBgcVFBYyNjQmAwAeyOAONJZOrsnfvsLqAUABPNBQgyCJ0n57BJOcA7ixOT/XrrDe+9RLAT8BSv3YTUAoiqSF2IYAAQCA//ADxQSNAB0Aa7IaHh8REjkAsABFWLABLxuxARw+WbAARViwDS8bsQ0SPlmwARCxAwGwCitYIdgb9FmyBwENERI5sAcvsRoBsAorWCHYG/RZsgUHGhESObANELAR0LANELEUAbAKK1gh2Bv0WbAHELAd0DAxExMhFSEDNjMyFhUUBiMiJiczFhYzMjY1NCYjIgcHpEUCqP30JWNzuNffxKvqDbIOgGJweYxzaUIpAkMCSqL+3zDStLLSsZdbVoJxan8qGwACADAAAAPkBI0ACgAOAFCyDg8QERI5sA4QsAnQALAARViwCS8bsQkcPlmwAEVYsAQvG7EEEj5ZsgEJBBESObABL7ECAbAKK1gh2Bv0WbAG0LABELAL0LINCQQREjkwMQEzFSMRIxEhJwEzASERBwM1r6+6/bgDAkLD/cEBhRoBnZf++gEGcwMU/RAB/C8AAQBO//ADnwSdACYAj7IgJygREjkAsABFWLAOLxuxDhw+WbAARViwGS8bsRkSPlmyAQ4ZERI5sAEvsr8BAV20rwG/AQJxtN8B7wECXbQfAS8BAl20bwF/AQJysA4QsQcBsAorWCHYG/RZsA4QsArQsAEQsSUBsAorWCHYG/RZshQlARESObAZELAd0LAZELEgAbAKK1gh2Bv0WTAxATMyNjU0JiMiBhUjNDYzMhYVFAYHFhUUBiMiJjUzFBYzMjY1NCEjAWB6doFscGJ/ueazvNplW9Xpwb3quYNscH/+7HECm2NUU2BbTYy0r5xPiSVA0Zq6s5ZPY2JbwwAAAQBOAAADygSdABgAVrIJGRoREjkAsABFWLAQLxuxEBw+WbAARViwAC8bsQASPlmxFwGwCitYIdgb9FmwAtCyAxAAERI5sBAQsQkBsAorWCHYG/RZsBAQsAzQshYAEBESOTAxISE1ATY2NTQmIyIGFSM0NjMyFhUUBgcBIQPK/J8Bq2dddF55hbr1w7bWY5v+uAJ+gwGdXotBUmlwa6XOupVRrqH+6QAAAQCYAAACnQSQAAYAQbIBBwgREjkAsABFWLAFLxuxBRw+WbAARViwAC8bsQASPlmyBAAFERI5sAQvsQMBsAorWCHYG/RZsgIDBRESOTAxISMRBTUlMwKduv61AesaA69jn6UAAAIAY//wA6sEnQANABgASLIDGRoREjmwAxCwENAAsABFWLAKLxuxChw+WbAARViwAy8bsQMSPlmwChCxEAGwCitYIdgb9FmwAxCxFgGwCitYIdgb9FkwMQEUAiMiAic1NBIzMhIXJxAjIhEVFBYzMhEDq9jLydoC2crL1wO66+p6cukB8fj+9wEF9Lb5AQX+/u8PAUn+s+GnqAFTAAEARwAAA+AEjQAJAEYAsABFWLAHLxuxBxw+WbAARViwAi8bsQISPlmxAAGwCitYIdgb9FmyBAACERI5sAcQsQUBsAorWCHYG/RZsgkFBxESOTAxJSEVITUBITUhFQEvArH8ZwKY/XEDeJeXfAN4mXkAAAEADQAABBwEjQAIADEAsABFWLABLxuxARw+WbAARViwBy8bsQccPlmwAEVYsAQvG7EEEj5ZsgABBBESOTAxAQEzAREjEQEzAhQBOND+Urn+WNACSgJD/Qr+aQGiAusAAAEAJgAABDEEjQALAFMAsABFWLABLxuxARw+WbAARViwCi8bsQocPlmwAEVYsAQvG7EEEj5ZsABFWLAHLxuxBxI+WbIAAQQREjmyBgEEERI5sgMABhESObIJBgAREjkwMQEBMwEBIwEBIwEBMwIoAR/c/nUBmdz+1f7Y3AGW/nPbAtoBs/2+/bUBu/5FAksCQgAAAQAxAAAF8QSNABIAYLIOExQREjkAsABFWLADLxuxAxw+WbAARViwCC8bsQgcPlmwAEVYsBEvG7ERHD5ZsABFWLAKLxuxChI+WbAARViwDy8bsQ8SPlmyAQMKERI5sgYDChESObINAwoREjkwMQEXNxMzExc3EzMBIwEnBwEjATMBrwsP+KX0DQzGuP7Wrv78AQH+9K3+17cBJlBAA3f8hjtQA2X7cwOVBQX8awSNAAABABQAAARTBI0ACAAxALAARViwAy8bsQMcPlmwAEVYsAcvG7EHHD5ZsABFWLAFLxuxBRI+WbIBAwUREjkwMQEXNwEzASMBMwIaGRoBQMb+N63+N8cBJF5cA2v7cwSNAAABAHT/8AQKBI0AEQA9sgQSExESOQCwAEVYsAAvG7EAHD5ZsABFWLAILxuxCBw+WbAARViwBC8bsQQSPlmxDQGwCitYIdgb9FkwMQERFAYjIiYnETMRFBYzMjY1EQQK+tHS9gO3j4WDjwSN/PS229O2AxT89HmBf3sDDAAAAQAoAAAD/QSNAAcALwCwAEVYsAYvG7EGHD5ZsABFWLACLxuxAhI+WbAGELEAAbAKK1gh2Bv0WbAE0DAxASERIxEhNSED/f5xuf5zA9UD9PwMA/SZAAABAEP/8APdBJ0AJQBdALAARViwCS8bsQkcPlmwAEVYsBwvG7EcEj5ZsgIcCRESObAJELAN0LAJELEQAbAKK1gh2Bv0WbACELEWAbAKK1gh2Bv0WbAcELAg0LAcELEjAbAKK1gh2Bv0WTAxATQmJCcmNTQ2MzIWFSM0JiMiBhUUFgQWFhUUBiMiJDUzFBYzMjYDI3n+2lbD87/E+bmNeXGGewE4sFbzx8/+77qajH6CASpQWEorYrOPssicYmtZUEFYUGWIW5Opy6JmclsAAAIAigAABCUEjQANABYAY7IVFxgREjmwFRCwBdAAsABFWLAELxuxBBw+WbAARViwAi8bsQISPlmwAEVYsAwvG7EMEj5Zsg8EAhESObAPL7EAAbAKK1gh2Bv0WbIKAAQREjmwBBCxFQGwCitYIdgb9FkwMQEhESMRITIWFRQHARUjATMyNjU0JiMjAlr+6bkBqtXn6wEgxv3k9nWJhn7wAcH+PwSNuqrkWf4eCgJYbV1kbgACAFn/NgRXBJ0AEwAhAE+yCCIjERI5sAgQsB7QALAARViwEC8bsRAcPlmwAEVYsAgvG7EIEj5ZsgMIEBESObAQELEXAbAKK1gh2Bv0WbAIELEeAbAKK1gh2Bv0WTAxARQGBxcHJQYjIgARNTQSNjMyABEnNCYjIgYHFRQWMzI2NQRVcGbYfP75Nkbk/uV/6JbqARW3rJyUrASumJyqAiSm80agb8cNATEBCD6pAQOK/s3++QbG0s+5VcLY08cAAgCKAAAEGwSNAAoAEwBPsgoUFRESObAKELAM0ACwAEVYsAMvG7EDHD5ZsABFWLABLxuxARI+WbILAwEREjmwCy+xAAGwCitYIdgb9FmwAxCxEgGwCitYIdgb9FkwMQERIxEhMhYVFAYjJSEyNjU0JichAUO5AdPM8urW/ugBGnyIiHf+4QG2/koEjceoqr6YamRgdwEAAgBg//AEWgSdAA0AGwBIsgMcHRESObADELAR0ACwAEVYsAovG7EKHD5ZsABFWLADLxuxAxI+WbAKELERAbAKK1gh2Bv0WbADELEYAbAKK1gh2Bv0WTAxARAAIyIAETUQADMyABcHNCYjIgYVFRQWMzI2NQRa/uzo5f7nARfl6QETAresm5avsJecqQIk/vv+0QEyAQc+AQIBNP7Q/wXG0tbFQsPX08cAAQCKAAAEWASNAAkARQCwAEVYsAUvG7EFHD5ZsABFWLAILxuxCBw+WbAARViwAC8bsQASPlmwAEVYsAMvG7EDEj5ZsgIFABESObIHBQAREjkwMSEjAREjETMBETMEWLj9o7m5Al24A2z8lASN/JMDbQAAAQCKAAAFdwSNAA4AYLIBDxAREjkAsABFWLAALxuxABw+WbAARViwAi8bsQIcPlmwAEVYsAQvG7EEEj5ZsABFWLAILxuxCBI+WbAARViwDC8bsQwSPlmyAQAEERI5sgcABBESObIKAAQREjkwMQkCMxEjERMBIwETESMRAXoBhwGF8bgT/nKI/nMTuASN/HEDj/tzAZECFfxaA6L97/5vBI0AAQCKAAADiwSNAAUAKQCwAEVYsAQvG7EEHD5ZsABFWLACLxuxAhI+WbEAAbAKK1gh2Bv0WTAxJSEVIREzAUMCSPz/uZeXBI0AAQCKAAAEVwSNAAwATACwAEVYsAQvG7EEHD5ZsABFWLAILxuxCBw+WbAARViwAi8bsQISPlmwAEVYsAsvG7ELEj5ZsgACCBESObIGAgQREjmyCgIIERI5MDEBBxEjETMRNwEzAQEjAdaTubmCAY3j/iECAeECB47+hwSN/dWQAZv9+f16AAABACv/8ANNBI0ADwA2sgUQERESOQCwAEVYsAAvG7EAHD5ZsABFWLAFLxuxBRI+WbAJ0LAFELEMAbAKK1gh2Bv0WTAxATMRFAYjIiY1MxQWMzI2NQKSu9Sxwtu6cXJcbgSN/MWdxbekXmZtXwABAJcAAAFRBI0AAwAdALAARViwAi8bsQIcPlmwAEVYsAAvG7EAEj5ZMDEhIxEzAVG6ugSNAAABAIoAAARYBI0ACwBUALAARViwBi8bsQYcPlmwAEVYsAovG7EKHD5ZsABFWLAALxuxABI+WbAARViwBC8bsQQSPlmyCQAKERI5fLAJLxiyowkBXbECAbAKK1gh2Bv0WTAxISMRIREjETMRIREzBFi5/aS5uQJcuQHy/g4Ejf39AgMAAQBj//AENQSdAB0AYrIKHh8REjkAsABFWLAKLxuxChw+WbAARViwAy8bsQMSPlmyHQoDERI5sB0vsg0dChESObAKELEQAbAKK1gh2Bv0WbADELEXAbAKK1gh2Bv0WbAdELEaA7AKK1gh2Bv0WTAxJQYGIyIAJzUQADMyFhcjJiMiBhUVFBYzMjc1ITUhBDVC6Zfu/uACAQvyyPIbuCb1n6a5oLZR/ucB0ZZTUwEq/FoBBgEnvLXZzsdUvtdK7pAAAQCKAAADmwSNAAkAQwCwAEVYsAQvG7EEHD5ZsABFWLACLxuxAhI+WbAJ0LAJL7IfCQFdsQABsAorWCHYG/RZsAQQsQYBsAorWCHYG/RZMDEBIREjESEVIREhA0v9+LkDEf2oAggB8/4NBI2Z/pgAAAEAQ/8TA90FcwArAGkAsABFWLAJLxuxCRw+WbAARViwIi8bsSISPlmyAiIJERI5sAkQsAzQsAkQsBDQsAkQsRMBsAorWCHYG/RZsAIQsRkBsAorWCHYG/RZsCIQsB/QsCIQsCbQsCIQsSkBsAorWCHYG/RZMDEBNCYkJyY1NDY3NTMVFhYVIzQmIyIGFRQWBBYWFRQGBxUjNSYmNTMUFjMyNgMjef7aVsPLppWjxrmNeXGGewE4sFbDqZW637qajH6CASpQWEorYrOCrBDZ2xXCiGJrWVBBWFBliFuCphDh4RPClGZyWwABADAAAAPvBJ0AIABjALAARViwFC8bsRQcPlmwAEVYsAcvG7EHEj5Zsg8HFBESObAPL7EOBLAKK1gh2Bv0WbAB0LAHELEEAbAKK1gh2Bv0WbAI0LAUELAY0LAUELEbAbAKK1gh2Bv0WbAPELAf0DAxASEXFgchByE1MzY3NycjNTMnJjYzMhYVIzQmIyIGFxchAx3+cAEFOAKUAfyECk8JAQGkoAQGy7W3yrloYF1oBAQBlAH0IstvmJgX3UYieXvJ7My3cHePinsAAQANAAADkgSNABcAbbIAGBkREjkAsABFWLABLxuxARw+WbAARViwDC8bsQwSPlmyAAwBERI5sggBDBESObAIL7AD0LADL7AFsAorWNgb3FmwCBCwCrAKK1jYG9xZsA7QsAgQsBDQsAUQsBLQsAMQsBTQsAEQsBbQMDEBEzMBMxUhBxUhFSEVIzUhNSE1ITUzATMB0f3E/tTV/vEDARL+7rn+7gES/u7b/tTHAk0CQP2MeQdEeN3deEt5AnQAAAEAigAAA4UEjQAFADOyAQYHERI5ALAARViwBC8bsQQcPlmwAEVYsAIvG7ECEj5ZsAQQsQABsAorWCHYG/RZMDEBIREjESEDhf2+uQL7A/T8DASNAAIAFAAABFMEjQADAAgAPbIFCQoREjmwBRCwAtAAsABFWLACLxuxAhw+WbAARViwAC8bsQASPlmyBQIAERI5sQcBsAorWCHYG/RZMDEhIQEzAycHASEEU/vBAcmtPRoZ/vgCQwSN/t1cXv0wAAMAYP/wBFoEnQADABEAHwBhALAARViwDi8bsQ4cPlmwAEVYsAcvG7EHEj5ZsgIHDhESOXywAi8YtGACcAICcbRgAnACAl2xAQGwCitYIdgb9FmwDhCxFQGwCitYIdgb9FmwBxCxHAGwCitYIdgb9FkwMQEhNSEFEAAjIgARNRAAMzIAFwc0JiMiBhUVFBYzMjY1A1X+HwHhAQX+7Ojl/ucBF+XpARMCt6yblq+wl5ypAfmZbv77/tEBMgEHPgECATT+0P8FxtLWxULD19PHAAABABQAAARTBI0ACAA4sgcJChESOQCwAEVYsAIvG7ECHD5ZsABFWLAALxuxABI+WbAARViwBC8bsQQSPlmyBwIAERI5MDEzIwEzASMBJwfbxwHJrQHJxv7AGhkEjftzA2pcXgAAAwA+AAADSwSNAAMABwALAGayBAwNERI5sAQQsAHQsAQQsAnQALAARViwCi8bsQocPlmwAEVYsAAvG7EAEj5ZsQIBsAorWCHYG/RZsgcKABESObAHL7K/BwFdsQQBsAorWCHYG/RZsAoQsQgBsAorWCHYG/RZMDEhITUhAyE1IRMhNSEDS/zzAw1D/XcCiUP88wMNmAF7mAFJmQAAAQCKAAAERASNAAcAQLIBCAkREjkAsABFWLAGLxuxBhw+WbAARViwAC8bsQASPlmwAEVYsAQvG7EEEj5ZsAYQsQIBsAorWCHYG/RZMDEhIxEhESMRIQREuv25uQO6A/T8DASNAAEAPwAAA8gEjQAMAEWyBg0OERI5ALAARViwCC8bsQgcPlmwAEVYsAMvG7EDEj5ZsQEBsAorWCHYG/RZsAXQsAgQsQoBsAorWCHYG/RZsAfQMDEBASEVITUBATUhFSEBAm/+tgKj/HcBUf6vA1f9jwFKAjr+X5mQAbcBtpCZ/l8AAwBgAAAFBgSNABEAFwAeAF4AsABFWLAQLxuxEBw+WbAARViwCC8bsQgSPlmyDxAIERI5sA8vsADQsgkIEBESObAJL7AG0LAJELEUAbAKK1gh2Bv0WbAPELEVAbAKK1gh2Bv0WbAb0LAUELAc0DAxARYEFRQEBxUjNSYkNTQkNzUzARAFEQYGBTQmJxE2NgMQ5gEQ/u3juer+8wEQ57n+CAE/mqUDNqaYmKYEFg36y838DW5uDf3KzPwNdv21/tgRAnIJlpiZlQn9jgqWAAABAGAAAAS2BI0AFQBdsgAWFxESOQCwAEVYsAMvG7EDHD5ZsABFWLAPLxuxDxw+WbAARViwFC8bsRQcPlmwAEVYsAkvG7EJEj5ZshMDCRESObATL7AA0LATELELAbAKK1gh2Bv0WbAI0DAxASQRETMRBgIHESMRJgInETMREAURMwLoARW5A/LZutnwBboBFLoBuzMBawE0/r3z/uIY/t8BHxQBHfIBS/7L/o4tAtQAAAEAdQAABH4EnQAhAF6yByIjERI5ALAARViwGC8bsRgcPlmwAEVYsA8vG7EPEj5ZsABFWLAgLxuxIBI+WbAPELERAbAKK1gh2Bv0WbAO0LAA0LAYELEHAbAKK1gh2Bv0WbARELAe0LAf0DAxJTY2NTU0JiMiBhUVFBYXFSE1MyYRNTQAMzIAFRUQBzMVIQK7iH+unZysjX/+Pq+zARvn6AEcsrX+PZ0f380ms8DBtyHM3yCdl50BOh7uASP+3PUc/suclwABACb/7AUsBI0AGQBushYaGxESOQCwAEVYsAIvG7ECHD5ZsABFWLAOLxuxDhI+WbAARViwGC8bsRgSPlmwAhCxAAGwCitYIdgb9FmwBNCwBdCyCAIOERI5sAgvsA4QsQ8BsAorWCHYG/RZsAgQsRUBsAorWCHYG/RZMDEBITUhFSERNjMyFhUUBiM1MjY1NCYjIgcRIwGK/pwDif6Ul5zU4uXgjX99gJ2WuQP0mZn+1zHQxL6+l214g3ky/c4AAQBg//AEMASdAB4AgLIDHyAREjkAsABFWLALLxuxCxw+WbAARViwAy8bsQMSPlmyDwsDERI5sAsQsRIBsAorWCHYG/RZshYLAxESOXywFi8YsqAWAV20YBZwFgJdsjAWAXG0YBZwFgJxsRcBsAorWCHYG/RZsAMQsRsBsAorWCHYG/RZsh4DCxESOTAxAQYGIyIAETU0NjYzMhYXIyYmIyIGByEVIRYWMzI2NwQwFPzR4P7xe+eYzPcTuRKNfpmiBgG//kEEoZGHjRQBebvOAScBA16k+YjTu4J0w6+YssJvgwAAAgAnAAAG+wSNABcAIAB6sgQhIhESObAEELAY0ACwAEVYsBIvG7ESHD5ZsABFWLADLxuxAxI+WbAARViwCy8bsQsSPlmwEhCxBQGwCitYIdgb9FmwCxCxDgGwCitYIdgb9FmyFBIDERI5sBQvsRgBsAorWCHYG/RZsAMQsRkBsAorWCHYG/RZMDEBFAYHIREhAw4CByM3NzY2ExMhESEWFiURITI2NTQmIwb75sP+K/5eDwtNl3s7BC5gUQoUAw4BJMHg/TsBFXKEg3MBbqXHAgP0/mXt9nUBpQEEvgEJAhz+SgTBLf5ZdWNfcAACAIoAAAcJBI0AEgAbAIyyARwdERI5sAEQsBPQALAARViwAi8bsQIcPlmwAEVYsBEvG7ERHD5ZsABFWLALLxuxCxI+WbAARViwDy8bsQ8SPlmyAQILERI5fLABLxiyoAEBXbIEAgsREjmwBC+wARCxDQGwCitYIdgb9FmwBBCxEwGwCitYIdgb9FmwCxCxFAGwCitYIdgb9FkwMQEhETMRIRYWFRQGByERIREjETMBESEyNjU0JicBQwJIuQEkweDmw/4r/bi5uQMBARVzhH1uAooCA/5KBMGkpccCAfL+DgSN/bL+WXdhW3EDAAEAKAAABS4EjQAVAFyyBxYXERI5ALAARViwAi8bsQIcPlmwAEVYsAwvG7EMEj5ZsABFWLAULxuxFBI+WbACELEAAbAKK1gh2Bv0WbAE0LAF0LIIAgwREjmwCC+xEQGwCitYIdgb9FkwMQEhNSEVIRE2MzIWFxEjETQmIyIHESMBi/6dA4n+lJOg1N4Eun1/nZa6A/SZmf7XMcrB/o8BZId5Mv3OAAABAIr+mwRDBI0ACwBQsgMMDRESOQCwAi+wAEVYsAYvG7EGHD5ZsABFWLAKLxuxChw+WbAARViwAC8bsQASPlmwAEVYsAQvG7EEEj5ZsQgBsAorWCHYG/RZsAnQMDEhIREjESERMxEhETMEQ/6Buf5/uQJHuf6bAWUEjfwLA/UAAAIAigAABAgEjQAMABUAYbIDFhcREjmwAxCwDdAAsABFWLALLxuxCxw+WbAARViwCS8bsQkSPlmwCxCxAAGwCitYIdgb9FmyAwsJERI5sAMvsAkQsQ0BsAorWCHYG/RZsAMQsRMBsAorWCHYG/RZMDEBIREhMhYVFAYHIREhATI2NTQmJyERA5X9rgERzubkxf4rAwv+w3OEfW7+3wP3/uDEpaTIAgSN/At3YVtxA/5ZAAACAC7+rATnBI0ADwAVAF2yExYXERI5sBMQsAXQALAJL7AARViwBS8bsQUcPlmwAEVYsAsvG7ELEj5ZsQABsAorWCHYG/RZsAfQsAjQsAkQsA3QsAgQsBDQsBHQsAUQsRIBsAorWCHYG/RZMDE3NzY2NxMhETMRIxEhESMTISERIQMChSlHRwcOAwePufy6ugEBLgJC/mQMEZgxVv3YAZn8C/4UAVT+rQHrA1z+yP6ZAAEAHwAABesEjQAVAJKyARYXERI5ALAARViwCS8bsQkcPlmwAEVYsA0vG7ENHD5ZsABFWLARLxuxERw+WbAARViwAi8bsQISPlmwAEVYsAYvG7EGEj5ZsABFWLAULxuxFBI+WbIQCQIREjl8sBAvGLKgEAFdtGAQcBACXbEAAbAKK1gh2Bv0WbAE0LITEAAREjmwExCwCNCwEBCwC9AwMQEjESMRIwEjAQEzATMRMxEzATMBASMDxWO6ZP7F6gGG/p7gASxZulkBLOD+nAGI6gH2/goB9v4KAlECPP4DAf3+AwH9/c39pgABAEf/8APUBJ0AKACAsiQpKhESOQCwAEVYsAovG7EKHD5ZsABFWLAWLxuxFhI+WbAKELEDAbAKK1gh2Bv0WbIGChYREjmyJwoWERI5sCcvtB8nLycCXbK/JwFdtN8n7ycCXbEkAbAKK1gh2Bv0WbIQJCcREjmyHBYKERI5sBYQsR8BsAorWCHYG/RZMDEBNCYjIgYVIzQ2MzIWFRQGBxYWFRQGIyImJyY1MxYWMzI2NTQlIzUzNgMIin1ugbrtvNPubmd2cf7VW6k9ebkFg3mIkv7/nZzvA1BUXVhPjrWollaNKSSSW560LC5ZnVZgYFjBBZgFAAABAIoAAARhBI0ACQBMsgAKCxESOQCwAEVYsAAvG7EAHD5ZsABFWLAHLxuxBxw+WbAARViwAi8bsQISPlmwAEVYsAUvG7EFEj5ZsgQAAhESObIJAAIREjkwMQEzESMRASMRMxEDqLm5/Zu5uQSN+3MDdPyMBI38jAABAIsAAAQsBI0ADABpsgoNDhESOQCwAEVYsAQvG7EEHD5ZsABFWLAILxuxCBw+WbAARViwAi8bsQISPlmwAEVYsAsvG7ELEj5ZsgYCBBESOXywBi8YsqAGAV20YAZwBgJdsQEBsAorWCHYG/RZsgoBBhESOTAxASMRIxEzETMBMwEBIwGuarm5ZAGF3/41AevvAfb+CgSN/gMB/f3F/a4AAQAnAAAENgSNAA8AT7IEEBEREjkAsABFWLAALxuxABw+WbAARViwAS8bsQESPlmwAEVYsAgvG7EIEj5ZsAAQsQMBsAorWCHYG/RZsAgQsQoBsAorWCHYG/RZMDEBESMRIQMCAgcjNzc2NjcTBDa5/l4PDaSwRAQpXlANGQSN+3MD9P6C/qr+5QWlAwee4gJeAAABACL/7AQLBI0AEQBEsgESExESOQCwAEVYsAIvG7ECHD5ZsABFWLAQLxuxEBw+WbAARViwCC8bsQgSPlmyAQgCERI5sQwBsAorWCHYG/RZMDEBFwEzAQcGBwciJzcXMjY3ATMB9S0BFNX+XiVQqiZQFAZcMUkg/mbWAjB4AtX8RUmRCwEIkwUxOwOfAAEAiv6sBPEEjQALAEayCQwNERI5ALACL7AARViwBi8bsQYcPlmwAEVYsAovG7EKHD5ZsABFWLAELxuxBBI+WbEAAbAKK1gh2Bv0WbAI0LAJ0DAxJTMDIxEhETMRIREzBEStEqX8ULkCR7qY/hQBVASN/AsD9QABAD0AAAPfBI0AEQBHsgQSExESOQCwAEVYsAgvG7EIHD5ZsABFWLAQLxuxEBw+WbAARViwAC8bsQASPlmyDQgAERI5sA0vsQQBsAorWCHYG/RZMDEhIxEGIyImJxEzERQWMzI3ETMD37mQo9TeBLl+f52WuQHCMMrBAXD+nYd5MgIxAAABAIoAAAXGBI0ACwBQsgUMDRESOQCwAEVYsAIvG7ECHD5ZsABFWLAGLxuxBhw+WbAARViwCi8bsQocPlmwAEVYsAAvG7EAEj5ZsQQBsAorWCHYG/RZsAjQsAnQMDEhIREzESERMxEhETMFxvrEuQGIugGIuQSN/AsD9fwLA/UAAAEAiv6sBnUEjQAPAFmyCxARERI5ALACL7AARViwBi8bsQYcPlmwAEVYsAovG7EKHD5ZsABFWLAOLxuxDhw+WbAARViwBC8bsQQSPlmxAAGwCitYIdgb9FmwCNCwCdCwDNCwDdAwMSUzAyMRIREzESERMxEhETMFx64SpvrNuQGIugGIupj+FAFUBI38CwP1/AsD9QACAAgAAATWBI0ADQAWAGGyCBcYERI5sAgQsBXQALAARViwBy8bsQccPlmwAEVYsAMvG7EDEj5ZsAcQsQUBsAorWCHYG/RZsgoHAxESObAKL7ADELEOAbAKK1gh2Bv0WbAKELEUAbAKK1gh2Bv0WTAxARQGByERITUhESEyFhYBMjY1NCYjIREE1uTE/ir+sAIKARaEwmj+UXKEg3P+6wFupMgCA/SZ/kpYo/68dWNfcP5ZAP//AIoAAAVnBI0AJgIIAAAABwHjBBYAAAACAIoAAAQIBI0ACgATAFKyCBQVERI5sAgQsAvQALAARViwBS8bsQUcPlmwAEVYsAMvG7EDEj5ZsggFAxESObAIL7ADELELAbAKK1gh2Bv0WbAIELERAbAKK1gh2Bv0WTAxARQGByERMxEhMhYBMjY1NCYnIREECOTF/iu5ARHO5v5Qc4R9bv7fAW6kyAIEjf5KxP6Fd2FbcQP+WQABAEv/8AQbBJ0AHgB9sgMfIBESOQCwAEVYsBMvG7ETHD5ZsABFWLAbLxuxGxI+WbIAGxMREjmxAwGwCitYIdgb9FmyCRMbERI5fLAJLxiyoAkBXbRgCXAJAl2yMAkBcbRgCXAJAnGxBgGwCitYIdgb9FmwExCxDAGwCitYIdgb9FmyDxMbERI5MDEBFhYzMjY3ITUhJiYjIgYHIzY2MzIAFxUUBgYjIiYnAQQUjYeNogf+QQG+BaOYfo0SuRP3zOQBEQV44pXP/hQBeYNvu7mYr8N0grvT/t/0daP5h867AAIAiv/wBhUEnQATACEAjbIEIiMREjmwBBCwGNAAsABFWLAQLxuxEBw+WbAARViwCy8bsQscPlmwAEVYsAMvG7EDEj5ZsABFWLAILxuxCBI+WbINCAsREjl8sA0vGLRgDXANAnGyoA0BXbRgDXANAl2xBgGwCitYIdgb9FmwEBCxFwGwCitYIdgb9FmwAxCxHgGwCitYIdgb9FkwMQEQACMiACcjESMRMxEzNgAzMgAXBzQmIyIGFRUUFjMyNjUGFf7s6N3+6wzYubnYDgEU2ukBEwK3rJuWr7CXnKkCJP77/tEBHPL+AgSN/gnxARb+0P8FxtLWxULD19PHAAIAUAAAA/wEjQANABQAY7ITFRYREjmwExCwB9AAsABFWLAHLxuxBxw+WbAARViwAC8bsQASPlmwAEVYsAkvG7EJEj5ZshEHABESObARL7ELAbAKK1gh2Bv0WbIBCwcREjmwBxCxEgGwCitYIdgb9FkwMTMBJiY1NDY3IREjESEDExQXIREhIlABInpx3MgB0bn+0P8u5gEb/u/wAg0mnWihsgL7cwHf/iEDMLQEAXwAAQALAAAD5wSNAA0AUrIBDg8REjkAsABFWLAILxuxCBw+WbAARViwAi8bsQISPlmyDQgCERI5sA0vsQABsAorWCHYG/RZsATQsA0QsAbQsAgQsQoBsAorWCHYG/RZMDEBIxEjESM1MxEhFSERMwKH4rnh4QL7/b7iAf3+AwH9lwH5mf6gAAABAB/+rAYiBI0AGQCssggaGxESOQCwAEVYsBAvG7EQHD5ZsABFWLAULxuxFBw+WbAARViwGC8bsRgcPlmwAEVYsA0vG7ENEj5ZsABFWLAKLxuxChI+WbAARViwBS8bsQUSPlmyFwoYERI5fLAXLxiyoBcBXbRgF3AXAl20YBdwFwJxsQcBsAorWCHYG/RZsgAHFxESObAFELEBAbAKK1gh2Bv0WbAHELAL0LIPFwcREjmwFxCwEtAwMQEBMxEjESMBIxEjESMBIwEBMwEzETMRMwEzBGMBJpmnev7EY7pk/sXqAYb+nuABLFm6WQEs4AJa/jz+FgFUAfb+CgH2/goCUQI8/gMB/f4DAf0AAQCL/qwETgSNABAAgrIAERIREjkAsAMvsABFWLALLxuxCxw+WbAARViwDy8bsQ8cPlmwAEVYsAkvG7EJEj5ZsABFWLAFLxuxBRI+WbINCQsREjl8sA0vGLRgDXANAnGyoA0BXbRgDXANAl2xCAGwCitYIdgb9FmyAAgNERI5sAUQsQEBsAorWCHYG/RZMDEBATMRIxEjASMRIxEzETMBMwJBAW+eqGn+cWq5uWQBhd8CUv5E/hYBVAH2/goEjf4DAf0AAAEAiwAABOcEjQAUAHmyCxUWERI5ALAARViwBi8bsQYcPlmwAEVYsBMvG7ETHD5ZsABFWLAJLxuxCRI+WbAARViwES8bsRESPlmyABETERI5fLAALxiyoAABXbRgAHAAAl20YABwAAJxsATQsAAQsRABsAorWCHYG/RZsggQABESObAM0DAxATM1MxUzATMBASMBIxUjNSMRIxEzAURQlDwBhOD+NAHr7/5xQZRQubkCkOTkAf39xf2uAfbOzv4KBI0AAQAjAAAFFQSNAA4Af7IADxAREjkAsABFWLAGLxuxBhw+WbAARViwCi8bsQocPlmwAEVYsAIvG7ECEj5ZsABFWLANLxuxDRI+WbIIAgYREjl8sAgvGLKgCAFdtGAIcAgCXbRgCHAIAnGxAQGwCitYIdgb9FmwBhCxBAGwCitYIdgb9FmyDAEIERI5MDEBIxEjESE1IREzATMBASMCl2m6/q8CC2MBheD+NAHr7wH2/goD9Zj+AwH9/cX9rgACAGD/6wVbBJ8AIwAuAJiyFC8wERI5sBQQsCTQALAARViwCy8bsQscPlmwAEVYsBsvG7EbHD5ZsABFWLAALxuxABI+WbAARViwBC8bsQQSPlmyAgQbERI5sAIvsAsQsQwBsAorWCHYG/RZsAQQsRMBsAorWCHYG/RZsAIQsSYBsAorWCHYG/RZshUTJhESObIhAiYREjmwGxCxLAGwCitYIdgb9FkwMQUiJwYjIAARNRASMxciBhUVFBYzMjcmAzU0EjMyEhUVEAcWMwEQFzYRNTQmIyIDBVvZpomj/ur+xvTSAX6Q0Mc2MuMBz7W4zbZedv2S4bZiasYFFDs8AUUBKhoBAwEonsPIIejlCLIBRSfrAQT+//E4/tqyEgH9/sx5gQEeOKyj/sP//wANAAAEHASNACYB0wAAAQcCJgBE/t4ACACyAAoBXTAxAAEAJv6sBHEEjQAQAGyyCxESERI5ALAHL7AARViwAS8bsQEcPlmwAEVYsA8vG7EPHD5ZsABFWLAJLxuxCRI+WbAARViwDC8bsQwSPlmyAAEMERI5sgsMARESObIDCwAREjmwCRCxBAGwCitYIdgb9FmyDgALERI5MDEBATMBATUzESMRIwEBIwEBMwIoAR/c/nUBMaiodP7V/tjcAZb+c9sC2gGz/b7+SgH+FgFUAbv+RQJLAkIAAQAm/qwF8gSNAA8AXrIJEBEREjkAsAIvsABFWLAILxuxCBw+WbAARViwDi8bsQ4cPlmwAEVYsAQvG7EEEj5ZsQABsAorWCHYG/RZsAgQsQYBsAorWCHYG/RZsArQsAvQsAAQsAzQsA3QMDElMwMjESERITUhFSERIREzBUSuEqX8UP6bA4n+lQJGupj+FAFUA/SZmfykA/UAAAEAPQAAA98EjQAXAFCyBBgZERI5ALAARViwCy8bsQscPlmwAEVYsBYvG7EWHD5ZsABFWLAALxuxABI+WbIQCwAREjmwEC+xBwGwCitYIdgb9FmwBNCwEBCwE9AwMSEjEQYHFSM1JiYnETMRFBYXNTMVNjcRMwPfuWNplbzJA7lnaJVnZbkBwiELxsMKyboBbf6de3gL8O0LIgIxAAEAigAABCwEjQARAEeyBBITERI5ALAARViwAC8bsQAcPlmwAEVYsAgvG7EIEj5ZsABFWLAQLxuxEBI+WbIEAAgREjmwBC+xDQGwCitYIdgb9FkwMRMzETYzMhYXESMRNCYjIgcRI4q5mpnU3gS5fn+Ym7kEjf4+McrB/o8BZId5M/3PAAIAAv/wBWsEnQAcACQAbLIVJSYREjmwFRCwHtAAsABFWLAOLxuxDhw+WbAARViwAC8bsQASPlmyIQ4AERI5sCEvsr8hAV2xEgGwCitYIdgb9FmwA9CwIRCwCtCwABCxFgGwCitYIdgb9FmwDhCxHQGwCitYIdgb9FkwMQUiADUmJjUzFBYXPgIzMgARFSEUFjMyNjcXBgYDIgYHITU0JgOR//7OpriZX2YFh+mO+AEQ/K7Bt0yHUDk8uJaPtQYCma4QASLzC8aoXncMk+yB/uv+/YKxwB8okigvBBHCpBuhqgACAF7/8ARpBJ0AFgAeAGGyCB8gERI5sAgQsBfQALAARViwAC8bsQAcPlmwAEVYsAgvG7EIEj5Zsg0ACBESObANL7AAELERAbAKK1gh2Bv0WbAIELEXAbAKK1gh2Bv0WbANELEaAbAKK1gh2Bv0WTAxATIAFxUUBgYjIgARNSE1NCYjIgcnNjYTMjY3IRUUFgJH9wEpAoTsk/j+8ANSwbeTkDlBwImRswb9Z60Enf7g74iZ9IkBFQEBggGxwUiSKS/77cahG6CsAAEAR//tA9QEjQAcAHCyGh0eERI5ALAARViwAi8bsQIcPlmwAEVYsAsvG7ELEj5ZsAIQsQABsAorWCHYG/RZsgQAAhESObIFCwIREjmwBS+yEQsCERI5sAsQsRQBsAorWCHYG/RZsAUQsRoBsAorWCHYG/RZshwFGhESOTAxASE1IRcBFhYVFAYjIiYnJjUzFhYzMjY1NCYjIzUCs/28AzgC/qmx0fzXWas8erkFiXOIkoqGgAP0mXb+mxDFi6e+LS5anllkaGpfaqUAAAMAYP/wBFoEnQANABQAGwB2sgMcHRESObADELAO0LADELAV0ACwAEVYsAovG7EKHD5ZsABFWLADLxuxAxI+WbEOAbAKK1gh2Bv0WbIZCgMREjl8sBkvGLKgGQFdtGAZcBkCXbRgGXAZAnGxEQGwCitYIdgb9FmwChCxFQGwCitYIdgb9FkwMQEQACMiABE1EAAzMgAXATI2NyEWFhMiBgchJiYEWv7s6OX+5wEX5ekBEwL+BJOoCf12Cq2NkasIAooJqgIk/vv+0QEyAQc+AQIBNP7Q//4cvLSwwAN3w6yzvAABADAAAAPvBJ0AJwCysh0oKRESOQCwAEVYsB0vG7EdHD5ZsABFWLAMLxuxDBI+WbIGHQwREjmwBi+yDwYBcbIPBgFdsk8GAXGwAdCwAS9ACR8BLwE/AU8BBF2yAAEBXbECBLAKK1gh2Bv0WbAGELEHBLAKK1gh2Bv0WbAMELEKAbAKK1gh2Bv0WbAO0LAP0LAHELAR0LAGELAT0LACELAW0LABELAY0LIhAR0REjmwHRCxJAGwCitYIdgb9FkwMQEhFSEXFSEVIQYHIQchNTM2NyM1MzUnIzUzJyY2MzIWFSM0JiMiBhcBhwGW/m4DAY/+bAokApQB/IQKPxSfpQOingIGy7W3yrloYF1oBAKoeV0QeWpHmJgSn3kQXXlAyezMt3B3j4oAAAEAQv/wA54EnQAhAKKyFCIjERI5ALAARViwFS8bsRUcPlmwAEVYsAgvG7EIEj5ZsiEVCBESObAhL7IPIQFdtBAhICECXbEABLAKK1gh2Bv0WbAIELEDAbAKK1gh2Bv0WbAAELAL0LAhELAN0LAhELAS0LASL0AJHxIvEj8STxIEXbIAEgFdsQ8EsAorWCHYG/RZsBUQsRoBsAorWCHYG/RZsBIQsBzQsA8QsB7QMDEBIRIhMjcXBiMiJicjNTM1IzUzNjYzMhcHJiMgAyEVIRUhAy/+aCABAmJoG3Zv0/UUm5eXmxb1z2CHFVl5/wAgAZj+ZAGcAZb+8RyVHtrMeW15zNwflRz+8HltAAAEAIoAAAetBJ0AAwAQAB4AKACrsh8pKhESObAfELAB0LAfELAE0LAfELAR0ACwAEVYsCcvG7EnHD5ZsABFWLAlLxuxJRw+WbAARViwBy8bsQccPlmwAEVYsCIvG7EiEj5ZsABFWLAgLxuxIBI+WbAHELAN0LANL7AC0LACL7QAAhACAl2xAQOwCitYIdgb9FmwDRCxFAOwCitYIdgb9FmwBxCxGwOwCitYIdgb9FmyIScgERI5siYgJxESOTAxJSE1IQE0NiAWFRUUBiMiJjUXFBYzMjY1NTQmIyIGFQEjAREjETMBETMHbv3TAi39krwBNL2+l5m/o15XVF5hU1Jh/rW4/aO5uQJduL2OAgOVuribUJi2t5wFWWppXFJaaGde/LUDbPyUBI38kwNtAAIAKAAABGYEjQAWAB8AhrIAICEREjmwGNAAsABFWLAMLxuxDBw+WbAARViwAi8bsQISPlmyFgwCERI5sBYvsQABsAorWCHYG/RZsATQsBYQsAbQsBYQsAvQsAsvQAkPCx8LLws/CwRdtL8LzwsCXbEIAbAKK1gh2Bv0WbAT0LALELAX0LAMELEeAbAKK1gh2Bv0WTAxJSEVIzUjNTM1IzUzESEyFhUUBgchFSElITI2NTQmIyECpP7+usDAwMABz8Xq477+3QEC/v4BFXKDhHD+6rS0tJhZmAJQzKilywRZ8XhiZHoAAQA+//UCmgMgACYAdACwAEVYsA4vG7EOGD5ZsABFWLAZLxuxGRI+WbIAGQ4REjl8sAAvGLaAAJAAoAADXbAOELEHArAKK1gh2Bv0WbIKAAcREjmwABCxJgKwCitYIdgb9FmyFCYAERI5sBkQsSACsAorWCHYG/RZsh0mIBESOTAxATMyNjU0JiMiBhUjNDYzMhYVFAYHFhUUBiMiJjUzFBYzMjY1NCcjAQlUSkg/RjlLnaN8iZxGQpWqiISmnk9DRkmcWAHLPTAtOjMpYnt5aDdbGSmPan1+ay08PDNxAgACADYAAAK7AxUACgAOAEoAsABFWLAJLxuxCRg+WbAARViwBC8bsQQSPlmyAQkEERI5sAEvsQICsAorWCHYG/RZsAbQsAEQsAvQsggLBhESObINCQQREjkwMQEzFSMVIzUhJwEzATMRBwJQa2ud/okGAXmh/oTfEQErgqmpZgIG/hYBIRwAAAEAW//1AqcDFQAbAGQAsABFWLABLxuxARg+WbAARViwDS8bsQ0SPlmwARCxBAmwCitYIdgb9FmyBw0BERI5sAcvsRkCsAorWCHYG/RZsgUHGRESObANELAR0LANELETArAKK1gh2Bv0WbAHELAb0DAxExMhFSEHNjMyFhUUBiMiJiczFjMyNjU0JiMiB3AyAd7+oxZBSoCPoIZ5pwabCoFBSE5KSTsBgwGShKodiXl8kX5lY0tEPk0rAAIAVv/1AqsDHgATAB8AUQCwAEVYsAAvG7EAGD5ZsABFWLAMLxuxDBI+WbAAELEBArAKK1gh2Bv0WbIGDAAREjmwBi+xFAKwCitYIdgb9FmwDBCxGwKwCitYIdgb9FkwMQEVIwQHNjMyFhUUBiMiJjU1NDY3AyIGBxUUFjMyNjQmAigR/vQXSHJ2h5+Ei6fezX4zTRFTPz1ORwMegwLbTZF3dJqmlzPQ5AX+biwgIlRVT3xMAAEAOgAAAqUDFQAGADMAsABFWLAFLxuxBRg+WbAARViwAi8bsQISPlmwBRCxBAKwCitYIdgb9FmyAAUEERI5MDEBASMBITUhAqX+o6YBXf47AmsCu/1FApOCAAMAT//1Ap8DIAATAB4AKAB9ALAARViwES8bsREYPlmwAEVYsAYvG7EGEj5ZsiQGERESObAkL7bfJO8k/yQDXbYPJB8kLyQDXbL/JAFxtA8kHyQCcrEXArAKK1gh2Bv0WbICJBcREjmyDBckERI5sAYQsR0CsAorWCHYG/RZsBEQsR8CsAorWCHYG/RZMDEBFAcWFRQGICY1NDY3JjU0NjMyFgM0JiMiBhUUFjI2AyIGFRQWMjY0JgKLd4ug/vCgSkB3l31+l4lOPj9LTH5MjDc/P3A/QAJDdjc7g2p5eWpCYRs3dmd2dv46NDo6NDU6OgHwNTAuODhcNwACAEn/+QKVAyAAEgAeAF0AsABFWLAILxuxCBg+WbAARViwDy8bsQ8SPlmyAg8IERI5sAIvtg8CHwIvAgNdsA8QsRACsAorWCHYG/RZsAIQsRMCsAorWCHYG/RZsAgQsRkCsAorWCHYG/RZMDEBBiMiJjU0NjMyFhcVEAUHNTI2JzI3NTQmIyIGFRQWAfZFZXaNo4GJnAP+czeWhHteKk88O0xKAUBBin55oKWUPf5kFAF/Yp5HPFNQVENBTgAAAQCPAosDCwMiAAMAEgCwAi+xAQGwCitYIdgb9FkwMQEhNSEDC/2EAnwCi5cAAAMAngRAAm4GcgADAA8AGwB0ALAARViwDS8bsQ0aPlmwB9CwBy9ACT8HTwdfB28HBF2wAtCwAi+2PwJPAl8CA12wANCwAC9AEQ8AHwAvAD8ATwBfAG8AfwAIXbACELAD0BmwAy8YsA0QsRMHsAorWCHYG/RZsAcQsRkHsAorWCHYG/RZMDEBMwcjBzQ2MzIWFRQGIyImNxQWMzI2NTQmIyIGAbG93HKCZEhEY2FGSGRVMyQjMDAjJTIGcrjXRmFeSUdcXkUjMjEkJjI0AAEAigAAA64EjQALAFcAsABFWLAGLxuxBhw+WbAARViwBC8bsQQSPlmwC9CwCy+y3wsBXbIfCwFdsQABsAorWCHYG/RZsAQQsQIBsAorWCHYG/RZsAYQsQgBsAorWCHYG/RZMDEBIREhFSERIRUhESEDV/3sAmv83AMe/ZsCFAIO/omXBI2Z/rIAAAMAHv5KBBEETgApADcARACUALAARViwJi8bsSYaPlmwAEVYsBYvG7EWFD5ZsCYQsCnQsCkvsQADsAorWCHYG/RZsggWJhESObAIL7IOCBYREjmwDi+0kA6gDgJdsTcBsAorWCHYG/RZshw3DhESObIgCCYREjmwFhCxMAGwCitYIdgb9FmwCBCxOwGwCitYIdgb9FmwJhCxQgGwCitYIdgb9FkwMQEjFhcVFAYGIyInBhUUFzMWFhUUBgYjIiY1NDY3JjU0NyY1NTQ2MzIXIQEGBhUUFjMyNjU0JicjAxQWMzI2NTU0JiIGFQQRlzoBb8N4T0k0erfIzo30l9H/XlQ4c67xu1BHAW/9PDg8lIOSzWhs73SMaWeKitKKA6dUaRlipl4VKkBQAgGVj1ShYJt6U4oqL0p8UmrFC53KFPv4Gl03SllyTEpBAgKlU3t6WBJXeHhaAAIAZP/rBFgETgAQABwAYwCwAEVYsAkvG7EJGj5ZsABFWLAMLxuxDBo+WbAARViwAi8bsQISPlmwAEVYsBAvG7EQEj5ZsgACCRESObILCQIREjmwAhCxFAGwCitYIdgb9FmwCRCxGgGwCitYIdgb9FkwMSUCISICNTUQEjMgEzczAxMjARQWMzITNSYmIyIGA4Js/vLA5OLEAQlsIrBqcbD9dZKH00gckmuGlfH++gEb9A8BCAE9/v/t/eL95AH0r8MBhyS+y+MAAgCxAAAE4wWvABYAHgBjshgfIBESObAYELAE0ACwAEVYsAMvG7EDHj5ZsABFWLABLxuxARI+WbAARViwDy8bsQ8SPlmyFwMBERI5sBcvsQABsAorWCHYG/RZsgkXABESObADELEdAbAKK1gh2Bv0WTAxAREjESEyFhUUBxYTFRYXFSMmJzU0JiMlITI2NRAhIQFywQIO8Pvt3gUCQcY7A4x//p4BOaKd/s/+uQJ0/YwFr9LM5WNF/vqcjT0YNqyLeI+dfIQBAAABALIAAAUdBbAADABpALAARViwBC8bsQQePlmwAEVYsAgvG7EIHj5ZsABFWLACLxuxAhI+WbAARViwCy8bsQsSPlmyBgIEERI5fLAGLxi0YwZzBgJdtDMGQwYCXbKTBgFdsQEBsAorWCHYG/RZsgoBBhESOTAxASMRIxEzETMBMwEBIwIjscDAlgH97/3UAlXrAo79cgWw/X4Cgv0+/RIAAQCSAAAEFAYAAAwAVACwAEVYsAQvG7EEID5ZsABFWLAILxuxCBo+WbAARViwAi8bsQISPlmwAEVYsAsvG7ELEj5ZsgcIAhESObAHL7EAAbAKK1gh2Bv0WbIKAAcREjkwMQEjESMRMxEzATMBASMBzIC6un4BO9v+hgGu2wH1/gsGAPyOAaz+E/2zAAABALIAAAT6BbAACwBMALAARViwAy8bsQMePlmwAEVYsAcvG7EHHj5ZsABFWLABLxuxARI+WbAARViwCi8bsQoSPlmyAAMBERI5sgUDARESObIJAAUREjkwMQERIxEzETMBMwEBIwFywMAMAmPx/WsCve0Ctf1LBbD9eQKH/Tv9FQAAAQCSAAAD8QYYAAwATACwAEVYsAQvG7EEID5ZsABFWLAILxuxCBo+WbAARViwAi8bsQISPlmwAEVYsAsvG7ELEj5ZsgAIAhESObIGCAIREjmyCgYAERI5MDEBIxEjETMRMwEzAQEjAVAEuroBAYrw/isB/+QB8/4NBhj8dQGt/g39uQAAAgCKAAAEHwSNAAoAFABIsgIVFhESObACELAU0ACwAEVYsAEvG7EBHD5ZsABFWLAALxuxABI+WbABELELAbAKK1gh2Bv0WbAAELEMAbAKK1gh2Bv0WTAxMxEhMhYWFxUUACEDETMyNjU1NCYjigFpovuMA/7J/vmepLrGvbcEjYX2n038/tYD9Pyj0MBAwM0AAQBg//AEMASdABwATrIDHR4REjkAsABFWLALLxuxCxw+WbAARViwAy8bsQMSPlmwCxCwD9CwCxCxEgGwCitYIdgb9FmwAxCxGQGwCitYIdgb9FmwAxCwHNAwMQEGBiMiABE1NDY2MzIWFyMmJiMiBgcVFBYzMjY3BDAU/NHg/vF755jM9xO5Eo1+macBn5eHjRQBebvOAScBA16k+YjTu4J0y71qvc9vgwADAIoAAAPvBI0ADgAWAB4AawCwAEVYsAEvG7EBHD5ZsABFWLAALxuxABI+WbIXAAEREjmwFy+yvxcBXbQfFy8XAl203xfvFwJdsQ8BsAorWCHYG/RZsggPFxESObAAELEQAbAKK1gh2Bv0WbABELEeAbAKK1gh2Bv0WTAxMxEhMhYVFAYHFhYVFAYHAREhMjY1NCMlMzI2NTQnI4oBltHeX1hjdNrJ/vcBBnN66/746mx85e0EjaObUX4hGJVlnq4BAhL+hWJVxI1VU6gFAAIAEwAABHAEjQAHAAoARwCwAEVYsAQvG7EEHD5ZsABFWLACLxuxAhI+WbAARViwBi8bsQYSPlmyCQQCERI5sAkvsQABsAorWCHYG/RZsgoEAhESOTAxASEDIwEzASMBIQMDRv34br0B36YB2Lz9xgGRxwEX/ukEjftzAa4B/QAAAQCfBI4BlgY7AAgADACwAC+wBNCwBC8wMQEXBgcVIzU0NgErazsDuVQGO1Njb4iCTa0AAAIAgQTfAuAGigANABEAYACwAy+wB9CwBy9ADQ8HHwcvBz8HTwdfBwZdsAMQsQoEsAorWCHYG/RZsAcQsA3QsA0vsAcQsBHQsBEvsA/QsA8vQA8PDx8PLw8/D08PXw9vDwddsBEQsBDQGbAQLxgwMQEUBiMiJjUzFBYzMjY1JTMXIwLgqIeIqJhPSUdP/qaacGUFsF9ycl83PT812sYAAvykBLz+zAaTABQAGACaALADL7IPAwFdsv8DAV2ycAMBXbAH0LAHL0ALDwcfBy8HPwdPBwVdsAMQsArQsAovsAcQsQ4DsAorWCHYG/RZsAMQsREDsAorWCHYG/RZsA4QsBTQsA4QsBfQsBcvQBk/F08XXxdvF38XjxefF68XvxfPF98X7xcMXbAV0LAVL0ALDxUfFS8VPxVPFQVdsBcQsBjQGbAYLxgwMQEUBiMiJiYjIgYVJzQ2MzIWMzI2NSczByP+zGBGNXEiFCMvVGBGL4EsIzCNq7Z4BX1KaUIJMyYVS2tLMyb+4QAAAgBuBOEEWAaVAAYACgBdALADL7IPAwFdsAXQsAUvsADQsAAvtg8AHwAvAANdsAMQsALQGbACLxiyBAMAERI5sAbQGbAGLxiwAxCwCdCwCS+wB9CwBy+2DwcfBy8HA12wCRCwCtAZsAovGDAxATMBIycHIwEzAyMBkpgBIsWpqsYDIsjJjQXo/vmfnwG0/v0AAv9eBM8DRgaCAAYACgBdALADL7IPAwFdsATQGbAELxiwANAZsAAvGLADELAB0LABL7AG0LAGL7YPBh8GLwYDXbICAwYREjmwAxCwCNCwCC+wB9AZsAcvGLAIELAK0LAKL7YPCh8KLwoDXTAxASMnByMBMwUjAzMDRsWqqsQBIpj+j4zIxwTPnp4BBlUBAgAAAgBpBOQD7AbPAAYAFQBzALADL7AF0LAFL7YPBR8FLwUDXbIEAwUREjkZsAQvGLAA0LADELAB0LABL7ICBQMREjmwB9B8sAcvGEANDwcfBy8HPwdPB18HBl2wDtCwDi9ADQ8OHw4vDj8OTw5fDgZdsA3QsggHDRESObIUDgcREjkwMQEjJwcjATMXJzY2NTQjNzIWFRQGBwcDRqrFxakBELy+AUE7jQWAhko8AQTkuroBBnyDBBohQ1xYSTtCBzwAAgBpBOQDRgbUAAYAGgCHALADL7AB0LABL7AG0LAGL0AJDwYfBi8GPwYEXbIEAwYREjkZsAQvGLAA0LICBgEREjmwBhCwCtCwCi+0PwpPCgJdsA3QsA0vQA0PDR8NLw0/DU8NXw0GXbAKELAQ0LAQL7ANELEUBLAKK1gh2Bv0WbAKELEXBLAKK1gh2Bv0WbAUELAa0DAxASMnByMlMzcUBiMiJiMiBhUnNDYzMhYzMjY1A0aqxcWpAS2Dw2BBNm4oHTZNYEAqfCYfNATknp705T5eRy4dEz9iRi0cAAEAigAAA4UFxAAHADOyAwgJERI5ALAARViwBi8bsQYcPlmwAEVYsAQvG7EEEj5ZsAYQsQIBsAorWCHYG/RZMDEBMxEhESMRIQLMuf2+uQJCBcT+MPwMBI0AAAIAgQTfAuAGigANABEAYACwAy+wB9CwBy9ADQ8HHwcvBz8HTwdfBwZdsAMQsQoEsAorWCHYG/RZsAcQsA3QsA0vsAcQsBDQsBAvsA/QsA8vQA8PDx8PLw8/D08PXw9vDwddsBAQsBHQGbARLxgwMQEUBiMiJjUzFBYzMjY1JzMHIwLgqIeIqJhPSUdPYJmkZgWwX3JyXzc9PzXaxgAAAgCBBOACygcDAA0AHABmALADL7AH0LAHL0ANDwcfBy8HPwdPB18HBl2wAxCxCgSwCitYIdgb9FmwBxCwDdCwDS+wBxCwDtCwDi+wFdCwFS9ADw8VHxUvFT8VTxVfFW8VB12wFNCyDxQOERI5shsOFRESOTAxARQGIyImNTMUFjMyNjUnJzY2NTQjNzIWFRQGBwcCyqGDhKGSSklFTMkBSkKgB5CUUUQBBbBecnNdNT49NhF8BBgdO1JOQjI7Bz7//wBQAo0CnQW4AwcBxwAAApgAEwCwAEVYsAovG7EKHj5ZsBDQMDEA//8ANgKYArsFrQMHAiAAAAKYABMAsABFWLAJLxuxCR4+WbAN0DAxAP//AFsCjQKnBa0DBwIhAAACmAAQALAARViwAS8bsQEePlkwMf//AFYCjQKrBbYDBwIiAAACmAATALAARViwAC8bsQAePlmwFNAwMQD//wA6ApgCpQWtAwcCIwAAApgAEACwAEVYsAUvG7EFHj5ZMDH//wBPAo0CnwW4AwcCJAAAApgAGQCwAEVYsBEvG7ERHj5ZsBfQsBEQsB/QMDEA//8ASQKRApUFuAMHAiUAAAKYABMAsABFWLAILxuxCB4+WbAZ0DAxAAABAH7/6wUdBcUAHgBOsgwfIBESOQCwAEVYsAwvG7EMHj5ZsABFWLADLxuxAxI+WbAMELAQ0LAMELETAbAKK1gh2Bv0WbADELEbAbAKK1gh2Bv0WbADELAe0DAxAQYAIyIkAic1NBIkMzIAFyMmJiMiAhEVFBIWMzI2NwUcGP7b7rH+4aIBnQEbsu0BLxnBGL+dwOpuyH2hsBoBzt/+/LQBR8tE0wFKs/7646Oo/sv+/jeh/wCQnakAAQB+/+sFHgXEACIAcLIMIyQREjkAsABFWLAMLxuxDB4+WbAARViwAy8bsQMSPlmyEAMMERI5sBAvsAwQsRMBsAorWCHYG/RZsAMQsRsBsAorWCHYG/RZsiIMAxESObAiL7Q/Ik8iAl20DyIfIgJdsR8BsAorWCHYG/RZMDElBgQjIiQCJzU0EiQzMgQXIyYmIyICBwcUEhYzMjY3ESE1IQUeQ/7jsLv+1qgDmwEctfEBISLAHrqctewKAXjThXK1Kv6wAg++YXK0AUfSLdsBTrbl2pWM/tzyRqz+9ow6MAFGmwAAAgCyAAAFEQWwAAsAFQBIsgMWFxESObADELAV0ACwAEVYsAEvG7EBHj5ZsABFWLAALxuxABI+WbABELEMAbAKK1gh2Bv0WbAAELENAbAKK1gh2Bv0WTAxMxEhMgQSFxUUAgQHAxEzMgARNTQAI7IBscEBOLEErf7Cy+nf6gET/vfoBbCs/sTIPtD+wbECBRL7iwEqAQMk/AEoAAIAfv/rBV8FxQARACIASLIEIyQREjmwBBCwH9AAsABFWLANLxuxDR4+WbAARViwBC8bsQQSPlmwDRCxFgGwCitYIdgb9FmwBBCxHwGwCitYIdgb9FkwMQEUAgQjIiQCJzU0EiQzMgQSFwc0AiYjIgYGBxUUEhYzMhI1BV+i/uKvq/7hpgKkASGrrQEgowG/bsd9eMZyAXHJecHvAsLO/rC5uQFKyDfNAU+8uf60zAWiAQCPj/6cNaD+/pIBO/8AAAIAfv8EBV8FxQAVACYAT7IIJygREjmwCBCwI9AAsABFWLARLxuxER4+WbAARViwCC8bsQgSPlmyAwgRERI5sBEQsRoBsAorWCHYG/RZsAgQsSMBsAorWCHYG/RZMDEBFAIHFwclBiMiJAInNTQSJDMyBBIVJzQCJiMiBgYHFRQSFjMyEjUFX6mU+oP+zDk8q/7gpAOiASKsrgEhor9ux314x3EBccl5we8CwtT+rFrDefMMugFGxjrMAVC+u/6wzgGjAQGPkP+cM6D+/pIBO/8AAAEAoAAAAskEjQAGADMAsABFWLAFLxuxBRw+WbAARViwAC8bsQASPlmyBAAFERI5sAQvsQMBsAorWCHYG/RZMDEhIxEFNSUzAsm5/pACCh8DpouoygAAAQCDAAAEIASgABgAVrIJGRoREjkAsABFWLARLxuxERw+WbAARViwAC8bsQASPlmxFwGwCitYIdgb9FmwAtCyFhcRERI5sgMRFhESObARELEJAbAKK1gh2Bv0WbARELAM0DAxISE1ATY3NzQmIyIGFSM0NjYzMhYVFAcBIQQg/IcB/X0KA31mepW5eNJ+u+HF/oYCeIMByXNUNVRsjnVwv2y4mLG0/qwAAQAP/qMD3gSNABgAUQCwCy+wAEVYsAIvG7ECHD5ZsQEBsAorWCHYG/RZsATQsgULAhESObAFL7ALELEQAbAKK1gh2Bv0WbAFELEXAbAKK1gh2Bv0WbIYFwUREjkwMQEhNSEVARYWFRQAIyInNxYzMjY1NCYjIzUC5P10A3L+gLLi/sz/ytI0pbG017nAPAP0mXb+bBj2s/n+2meLWMqlq6VnAAACAD7+tgSgBI0ACgAOAEwAsABFWLAJLxuxCRw+WbAARViwAi8bsQISPlmwAEVYsAYvG7EGEj5ZsQABsAorWCHYG/RZsAYQsAXQsAUvsAAQsAzQsg0JAhESOTAxJTMVIxEjESE1ATMBIREHA9vFxbr9HQLWx/08Agoclpf+twFJbQQh/AkC/DUAAQBl/qAEBQSMABsAUQCwDS+wAEVYsAEvG7EBHD5ZsQQBsAorWCHYG/RZsgcNARESObAHL7EYAbAKK1gh2Bv0WbIFBxgREjmwDRCxEgGwCitYIdgb9FmwBxCwG9AwMRMTIRUhAzY3NhIVFAAjIic3FjMyNjU0JiMiBgeGZgMU/X42b5XI8f7g8eCvOoLTmb+lh2p1IgF0Axir/nRAAgL+9eHv/uJyi2XPpI+2OlMAAQBK/rYD8gSNAAYAJgCwAS+wAEVYsAUvG7EFHD5ZsQMBsAorWCHYG/RZsgADBRESOTAxAQEjASE1IQPy/aC6Alf9GwOoBCP6kwU/mAAAAgCDBNkC0gbQAA0AIQB+ALADL7AH0LAHL0ANDwcfBy8HPwdPB18HBl2wAxCxCgSwCitYIdgb9FmwBxCwDdCwDS+wBxCwEdCwES+wFNCwFC9ACw8UHxQvFD8UTxQFXbARELAX0LAXL7AUELEbBLAKK1gh2Bv0WbARELEeBLAKK1gh2Bv0WbAbELAh0DAxARQGIyImNTMUFjMyNjUTFAYjIiYjIgYVJzQ2MzIWMzI2NQLSoYaHoZZKSEdKjWBGOncsIjBTYEUwgSwjMAWuX3Z2XzZAQDYBCkppSzMmFUtrSzMmAAEAZ/6ZASEAmQADABIAsAQvsALQsAIvsAHQsAEvMDEBIxEzASG6uv6ZAgAAAgBg//AGbQSdABMAHQCfshUeHxESObAVELAK0ACwAEVYsAkvG7EJHD5ZsABFWLALLxuxCxw+WbAARViwAi8bsQISPlmwAEVYsAAvG7EAEj5ZsAsQsQwBsAorWCHYG/RZsAAQsA/QsA8vsh8PAV2y3w8BXbEQAbAKK1gh2Bv0WbAAELETAbAKK1gh2Bv0WbACELEUAbAKK1gh2Bv0WbAJELEXAbAKK1gh2Bv0WTAxISEFIgARNRAAMwUhFSERIRUhESEFNxEnIgYVFRQWBm39Y/6O5f7nARflAVsCr/2bAhT97AJs+/Hq7JavsBABMgEHPgECATQQmf6ymP6JDQcDZwnWxULD1wAAAgCC/qkEPwShABgAJQBOALAUL7AARViwDC8bsQwcPlmwFBCxAAGwCitYIdgb9FmyBRQMERI5sAUvsgMFDBESObEaAbAKK1gh2Bv0WbAMELEgAbAKK1gh2Bv0WTAxBTI2NwYjIgI1NDY2MzIAExUUAgQjIic3FhMyNjc1NCYjIgYVFBYB37HcFXe30v910oTrAQUCkv7zr592JnrgaZ8ioZJ/mKO/9NlpARTinOx+/tz+9vrc/rquPI4yAfxcUpTFxcOrlckAAf+2/ksBZwCYAAwAKACwDS+wAEVYsAQvG7EEFD5ZsQkBsAorWCHYG/RZsA0QsAzQsAwvMDElFQYGIyInNxYzMjU1AWcBqpc7NA4eQ4mY9aiwEp0NwukA//8AO/6jBAoEjQEGAkwsAAAQALAARViwAi8bsQIcPlkwMf//AHP+oAQTBIwBBgJODgAAEACwAEVYsAEvG7EBHD5ZMDH//wAj/rYEhQSNAQYCTeUAABMAsABFWLAGLxuxBhI+WbAM0DAxAP//AHcAAAQUBKABBgJL9AAAEACwAEVYsBEvG7ERHD5ZMDH//wB2/rYEHgSNAQYCTywAABAAsABFWLAFLxuxBRw+WTAx//8AN//rBEgEoQEGAmW/AAATALAARViwCC8bsQgcPlmwD9AwMQD//wB+/+wEFgWxAQYAGvoAABMAsABFWLAALxuxAB4+WbAV0DAxAP//AF/+qQQcBKEBBgJT3QAAEwCwAEVYsAwvG7EMHD5ZsCDQMDEA//8AcP/sBA4FxAEGABwAAAAZALAARViwFS8bsRUePlmwG9CwFRCwItAwMQD//wD0AAADHQSNAAYCSlQA////tP5LAWUEOgAGAJwAAP///7T+SwFlBDoABgCcAAD//wCbAAABVQQ6AQYAjQAAABAAsABFWLACLxuxAho+WTAx////+v5ZAVoEOgAmAI0AAAAGAKTICv//AJsAAAFVBDoABgCNAAAAAQCK/+wD+QSdACEAZgCwAEVYsBUvG7EVHD5ZsABFWLAQLxuxEBI+WbAARViwHy8bsR8SPlmxAgGwCitYIdgb9FmyGR8VERI5sBkvtB8ZLxkCXbAIsAorWNgb3FmwGRCwCtCwFRCxDQGwCitYIdgb9FkwMSUWMzI2NTQmIyM1EyYjIgMRIxE2NjMyFhcBFhYVFAYjIicBw1JYYXKIh1TtTmPTBLgBxclrw2X+7qm217V3aLUze2NiVYkBJz7+9f0GAvXS1lVi/rYPo4aszDEAAAIAeP/rBIkEoQALABkAOwCwAEVYsAgvG7EIHD5ZsABFWLADLxuxAxI+WbAIELEPAbAKK1gh2Bv0WbADELEWAbAKK1gh2Bv0WTAxARAAIAADNRAAIAATJzQmIyIGBxUUFjMyNjcEif7o/iL+5gEBGQHeARkBurKdm7ICtpuasQICPP7q/sUBPAEUFAEUAT7+xP7rDcri4MU0yeXdygAAAQA7AAAD0gWwAAYAMwCwAEVYsAUvG7EFHj5ZsABFWLABLxuxARI+WbAFELEDAbAKK1gh2Bv0WbIAAwUREjkwMQEBIwEhNSED0v2+ugJA/SUDlwVI+rgFGJgAAgCM/+wENAYAABAAGwBmshQcHRESObAUELAN0ACwCS+wAEVYsA0vG7ENGj5ZsABFWLAELxuxBBI+WbAARViwBy8bsQcSPlmyBg0EERI5sgsNBBESObANELEUAbAKK1gh2Bv0WbAEELEZAbAKK1gh2Bv0WTAxARQGBiMiJwcjETMRNjMyEhEnNCYjIgcRFjMyNgQ0b8mA0XAPoLlwxcnxuaOMt1BVtIqjAhKf/IuVgQYA/cOL/tP+/we01qr+LKvYAAABAFz/7APvBE4AHQBLsgAeHxESOQCwAEVYsBAvG7EQGj5ZsABFWLAILxuxCBI+WbEAAbAKK1gh2Bv0WbAIELAD0LAQELAU0LAQELEXAbAKK1gh2Bv0WTAxJTI2NzMOAiMiADU1NDY2MzIWFyMmJiMiBhUVFBYCQGOUCLAFeMRu3/77dtuTtvEIsAiPaI+bnYN4Wl6oYwEq/CCd+YbarmmHzr8hvMkAAgBb/+wEAAYAABEAHABmshodHhESObAaELAE0ACwBy+wAEVYsAQvG7EEGj5ZsABFWLANLxuxDRI+WbAARViwCS8bsQkSPlmyBgQNERI5sgsEDRESObANELEVAbAKK1gh2Bv0WbAEELEaAbAKK1gh2Bv0WTAxEzQ2NjMyFxEzESMnBiMiJiYnNxQWMzI3ESYjIgZbcc6Avm+5oQ5vynzLdQG5qIqvUlOsjacCJp/8jYICNPoAeIyM+5gGsdifAfGZ1gACAFv+VgQABE4AGwAmAH+yHycoERI5sB8QsAvQALAARViwAy8bsQMaPlmwAEVYsAYvG7EGGj5ZsABFWLALLxuxCxQ+WbAARViwGC8bsRgSPlmyBQMYERI5sAsQsRIBsAorWCHYG/RZshYDGBESObAYELEfAbAKK1gh2Bv0WbADELEkAbAKK1gh2Bv0WTAxEzQSMzIXNzMRBgIjIiYnNxYWMzI2NTUGIyICNRcUFjMyNxEmIyIGW/jGzG8PnQL04FbISDc/n0+Vim/Bwvq5pouvU1OtjqUCJvYBMpSA/A7v/v03MooqMrCoKIEBOPQHsNmhAeud1wACAFr/7AREBE4AEAAcADgAsABFWLAELxuxBBo+WbAARViwDC8bsQwSPlmxFAGwCitYIdgb9FmwBBCxGgGwCitYIdgb9FkwMRM0NjYzMgAVFRQGBiMiJiYnNxQWMzI2NTQmIyIGWoDjkN0BGn7lko/jgQK5r42OrrGNi68CJ5z/jP7M+w6d/IyI+ZoKsN7gxK/g3gAAAgCM/mAEMgROABAAGwBwshkcHRESObAZELAN0ACwAEVYsA0vG7ENGj5ZsABFWLAKLxuxCho+WbAARViwBy8bsQcUPlmwAEVYsAQvG7EEEj5ZsgYNBBESObILDQQREjmwDRCxFAGwCitYIdgb9FmwBBCxGQGwCitYIdgb9FkwMQEUBgYjIicRIxEzFzYzMhIXBzQmIyIHERYzMjYEMm7IgcVxuZ8PdMrB7gq4qY+oVFOrjKoCEZ78i3399wXafZH+6eonsNuV/fuU3wAAAgBb/mAD/wROAA8AGgBtshgbHBESObAYELAD0ACwAEVYsAMvG7EDGj5ZsABFWLAGLxuxBho+WbAARViwCC8bsQgUPlmwAEVYsAwvG7EMEj5ZsgUDDBESObIKAwwREjmxEwGwCitYIdgb9FmwAxCxGAGwCitYIdgb9FkwMRM0EjMyFzczESMRBiMiAjUXFBYzMjcRJiMiBlv3zMRvDqC5cLrH+rmqjKZWWKKOqgIl9QE0hnL6JgIEeAE19geu35MCEY/fAAIAXf/sA/METgAUABwAZbIIHR4REjmwCBCwFdAAsABFWLAILxuxCBo+WbAARViwAC8bsQASPlmyGQgAERI5sBkvtL8ZzxkCXbEMAbAKK1gh2Bv0WbAAELEQAbAKK1gh2Bv0WbAIELEVAbAKK1gh2Bv0WTAxBSIAJyc0NjYzMhIVFSEWFjMyNxcGASIGByE1NCYCceX+3QsBfN2A1ej9JAjCmaB4OYP+7nOYEQIgiRQBF+NOm/WK/v7wdJ3IWn9yA8qglhmDmgAAAgBg/lYD8gROABoAJQB/siMmJxESObAjELAL0ACwAEVYsAMvG7EDGj5ZsABFWLAGLxuxBho+WbAARViwCy8bsQsUPlmwAEVYsBcvG7EXEj5ZsgUDFxESObALELERAbAKK1gh2Bv0WbIVAxcREjmwFxCxHgGwCitYIdgb9FmwAxCxIwGwCitYIdgb9FkwMRM0EjMyFzczERQGIyImJzcWMzI2NTUGIyICNRcUFjMyNxEmIyIGYOjDynAQnfXhUq9BN3qPlYlvwL7rupWIr1JVqomWAiX6AS+Tf/wF6v8tKYpJp546gAEy+gi106AB7pvQAP//AFcAAAKGBbcABgAVrQAAAwBn//AEkQSdAB0AJgAyAJqyLDM0ERI5sCwQsA7QsCwQsB/QALAARViwDS8bsQ0cPlmwAEVYsAAvG7EAEj5ZsABFWLAaLxuxGhI+WbIqDRoREjmyIQ0aERI5sgcqIRESObITISoREjmwABCxHgGwCitYIdgb9FmyFB4NERI5shYNABESObIcAA0REjmyGRQcERI5siAeFBESObANELEwAbAKK1gh2Bv0WTAxBSImNTQ2NzcnJjU0NjMyFhUUBwcBNjUzFAcXIycGJzI3AQcGFRQWAxQXFzc2NTQmIyIGAeir1k5oS0tdrZCGsZtJAQxFqH/H0l6X0ZFq/ttkTGsVPzZCU0hCOEgQpYFWhks2T2hsc5SWcJBvNP7jdJ3gptJhcZlLATNJO1RJXQMAOkY5MDxNNEVGAAEAAAAAA4sEjQANAGGyAA4PERI5ALAARViwCi8bsQocPlmwAEVYsAQvG7EEEj5Zsg0EChESObANL7EAArAKK1gh2Bv0WbAB0LAEELECAbAKK1gh2Bv0WbABELAG0LAH0LANELAM0LAJ0LAI0DAxAQURIRUhEQc1NxEzESUCTf72Akj8/4qKuQEKApFV/luXAgIsfSwCDv4sVQACAAkAAAXxBI0ADwASAIiyBRMUERI5sAUQsBHQALAARViwCi8bsQocPlmwAEVYsAQvG7EEEj5ZsABFWLAILxuxCBI+WbIPCgQREjmwDy+xAAGwCitYIdgb9FmwBBCxAgGwCitYIdgb9FmyEQoEERI5sBEvsQYBsAorWCHYG/RZsAoQsQwBsAorWCHYG/RZshIKBBESOTAxASETIRUhAyEDIwEhFSETIQUhAwWI/jUOAib9Jgv+ZqPGApYDKf3kDAHQ/DsBRBMCFf6AlQEt/tMEjZb+tOcCMgACAIoAAAO3BI0ADAAVAFmyFRYXERI5sBUQsAnQALAARViwAC8bsQAcPlmwAEVYsAsvG7ELEj5ZsgIACxESObACL7IPAAsREjmwDy+xCQGwCitYIdgb9FmwAhCxDQGwCitYIdgb9FkwMRMzFTMWFhUUBiMjFSMTETMyNjU0JieKucXE6+rWtLm5toCEiHcEjcsExaapvuwDKv5abGJgdwEAAwBg/8cEWgS2ABUAHgAnAGqyBigpERI5sAYQsBvQsAYQsCTQALAARViwES8bsREcPlmwAEVYsAYvG7EGEj5ZshgRBhESObIZEQYREjmwERCxGwGwCitYIdgb9FmyIREGERI5siIGERESObAGELEkAbAKK1gh2Bv0WTAxARYRFRAAIyInByM3JhE1EAAzMhc3MwEUFwEmIyIGFSU0JwEWMzI2NQPWhP7s6Jp0S5V/jwEX5aF7RZX8xT0ByU9ylq8CjDT+O0pqnKkD/Jn+/z7++/7RR3C+mgEJPwECATROZ/1un2kCqjvWxQOXYv1cNNPHAAACADAAAASzBI0AEwAXAI2yAxgZERI5sAMQsBTQALAARViwDC8bsQwcPlmwAEVYsBAvG7EQHD5ZsABFWLACLxuxAhI+WbAARViwBi8bsQYSPlmyEwwCERI5sBMvsg8TAV2xAAGwCitYIdgb9FmyFQwCERI5sBUvsQQBsAorWCHYG/RZsAAQsAjQsBMQsArQsBMQsA7QsAAQsBbQMDEBIxEjESERIxEjNTM1MxUhNTMVMwEhNSEEs1u5/aS5Wlq5Aly5W/yQAlz9pANP/LEB8v4OA0+Xp6enp/6kxQAAAQCK/ksEWASNABMAW7ICFBUREjkAsABFWLAMLxuxDBw+WbAARViwDy8bsQ8cPlmwAEVYsAAvG7EAFD5ZsABFWLAKLxuxChI+WbAAELEFAbAKK1gh2Bv0WbIJDAoREjmyDgoMERI5MDEBIic3FjMyNTUBESMRMwERMxEUBgMXPDQNI0CI/aS5uQJduKr+SxKdDcNRA2v8lASN/JMDbfsaqbP//wAlAh8CDQK2AgYAEQAAAAIABwAABOQFsAAPAB0AaQCwAEVYsAUvG7EFHj5ZsABFWLAALxuxABI+WbIEAAUREjmwBC+yzwQBXbIvBAFdsp8EAXGxAQGwCitYIdgb9FmwEdCwABCxEgGwCitYIdgb9FmwBRCxGwGwCitYIdgb9FmwBBCwHNAwMTMRIzUzESEyBBIXFRQCBAcTIxEzMhI3NTQCJyMRM8fAwAGbvgEknwGf/tnEKfzJ3vcB6dbg/AKalwJ/qP7KyV3O/sqmAgKa/gMBEvld+AETAv4fAAIABwAABOQFsAAPAB0AaQCwAEVYsAUvG7EFHj5ZsABFWLAALxuxABI+WbIEAAUREjmwBC+yzwQBXbIvBAFdsp8EAXGxAQGwCitYIdgb9FmwEdCwABCxEgGwCitYIdgb9FmwBRCxGwGwCitYIdgb9FmwBBCwHNAwMTMRIzUzESEyBBIXFRQCBAcTIxEzMhI3NTQCJyMRM8fAwAGbvgEknwGf/tnEKfzJ3vcB6dbg/AKalwJ/qP7KyV3O/sqmAgKa/gMBEvld+AETAv4fAAH/4gAAA/0GAAAZAGwAsBcvsABFWLAELxuxBBo+WbAARViwEC8bsRASPlmwAEVYsAgvG7EIEj5Zsi8XAV2yDxcBXbIVEBcREjmwFS+xEgGwCitYIdgb9FmwAdCyAhAEERI5sAQQsQwBsAorWCHYG/RZsBUQsBjQMDEBIxE2MyATESMRJiYjIgYHESMRIzUzNTMVMwJe+3vFAVcDuQFpb1qIJrnIyLn7BNL+5Zf+ff01Asx1cGBO/P0E0peXlwABADEAAASXBbAADwBOALAARViwCi8bsQoePlmwAEVYsAIvG7ECEj5Zsg8KAhESObAPL7EAAbAKK1gh2Bv0WbAE0LAPELAG0LAKELEIAbAKK1gh2Bv0WbAM0DAxASMRIxEjNTMRITUhFSERMwOq57/W1v4tBGb+LOcDN/zJAzeXAUSenv68AAH/9P/sAnAFQAAdAHYAsABFWLABLxuxARo+WbAARViwES8bsRESPlmwARCwANCwAC+wARCxBAGwCitYIdgb9FmwARCwBdCwBS+yAAUBXbEIAbAKK1gh2Bv0WbARELEMAbAKK1gh2Bv0WbAIELAV0LAFELAY0LAEELAZ0LABELAc0DAxAREzFSMVMxUjERQWMzI3FQYjIiY1ESM1MzUjNTMRAYfKyunpNkEgOElFfH7a2sXFBUD++o+6l/6yQUEMlhSWigFOl7qPAQYA//8AHAAABR0HNgImACUAAAEHAEQBMAE2ABQAsABFWLAELxuxBB4+WbEMCPQwMf//ABwAAAUdBzYCJgAlAAABBwB1Ab8BNgAUALAARViwBS8bsQUePlmxDQj0MDH//wAcAAAFHQc2AiYAJQAAAQcAngDJATYAFACwAEVYsAQvG7EEHj5ZsQ8G9DAx//8AHAAABR0HIgImACUAAAEHAKUAxQE6ABQAsABFWLAFLxuxBR4+WbEOBPQwMf//ABwAAAUdBvsCJgAlAAABBwBqAPkBNgAXALAARViwBC8bsQQePlmxEQT0sBvQMDEA//8AHAAABR0HkQImACUAAAEHAKMBUAFBABcAsABFWLAELxuxBB4+WbEOBvSwGNAwMQD//wAcAAAFHQeUAiYAJQAAAAcCJwFaASL//wB3/kQE2AXEAiYAJwAAAAcAeQHS//f//wCpAAAERgdCAiYAKQAAAQcARAD7AUIAFACwAEVYsAYvG7EGHj5ZsQ0I9DAx//8AqQAABEYHQgImACkAAAEHAHUBigFCABQAsABFWLAGLxuxBh4+WbEOCPQwMf//AKkAAARGB0ICJgApAAABBwCeAJQBQgAUALAARViwBi8bsQYePlmxEAb0MDH//wCpAAAERgcHAiYAKQAAAQcAagDEAUIAFwCwAEVYsAYvG7EGHj5ZsRIE9LAb0DAxAP///+AAAAGBB0ICJgAtAAABBwBE/6cBQgAUALAARViwAi8bsQIePlmxBQj0MDH//wCwAAACUQdCAiYALQAAAQcAdQA1AUIAFACwAEVYsAMvG7EDHj5ZsQYI9DAx////6QAAAkYHQgImAC0AAAEHAJ7/QAFCABQAsABFWLACLxuxAh4+WbEIBvQwMf///9UAAAJeBwcCJgAtAAABBwBq/3ABQgAXALAARViwAi8bsQIePlmxCgT0sBTQMDEA//8AqQAABQgHIgImADIAAAEHAKUA+wE6ABQAsABFWLAGLxuxBh4+WbENBPQwMf//AHb/7AUJBzgCJgAzAAABBwBEAVIBOAAUALAARViwDS8bsQ0ePlmxIQj0MDH//wB2/+wFCQc4AiYAMwAAAQcAdQHhATgAFACwAEVYsA0vG7ENHj5ZsSII9DAx//8Adv/sBQkHOAImADMAAAEHAJ4A6wE4ABQAsABFWLANLxuxDR4+WbEiBvQwMf//AHb/7AUJByQCJgAzAAABBwClAOcBPAAUALAARViwDS8bsQ0ePlmxIwT0MDH//wB2/+wFCQb9AiYAMwAAAQcAagEbATgAFwCwAEVYsA0vG7ENHj5ZsScE9LAw0DAxAP//AIz/7ASqBzYCJgA5AAABBwBEASsBNgAUALAARViwCi8bsQoePlmxFAj0MDH//wCM/+wEqgc2AiYAOQAAAQcAdQG6ATYAFACwAEVYsBIvG7ESHj5ZsRUI9DAx//8AjP/sBKoHNgImADkAAAEHAJ4AxAE2ABQAsABFWLAKLxuxCh4+WbEXBvQwMf//AIz/7ASqBvsCJgA5AAABBwBqAPQBNgAXALAARViwCi8bsQoePlmxGQT0sCPQMDEA//8ADwAABLsHNgImAD0AAAEHAHUBiAE2ABQAsABFWLABLxuxAR4+WbELCPQwMf//AG3/7APqBgACJgBFAAABBwBEANUAAAAUALAARViwFy8bsRcaPlmxKgn0MDH//wBt/+wD6gYAAiYARQAAAQcAdQFkAAAAFACwAEVYsBcvG7EXGj5ZsSsJ9DAx//8Abf/sA+oGAAImAEUAAAEGAJ5uAAAUALAARViwFy8bsRcaPlmxKwH0MDH//wBt/+wD6gXsAiYARQAAAQYApWoEABQAsABFWLAXLxuxFxo+WbEsAfQwMf//AG3/7APqBcUCJgBFAAABBwBqAJ4AAAAXALAARViwFy8bsRcaPlmxMAH0sDnQMDEA//8Abf/sA+oGWwImAEUAAAEHAKMA9QALABcAsABFWLAXLxuxFxo+WbEsBPSwNtAwMQD//wBt/+wD6gZfAiYARQAAAAcCJwD//+3//wBc/kQD7AROAiYARwAAAAcAeQE///f//wBd/+wD8wYAAiYASQAAAQcARADFAAAAFACwAEVYsAgvG7EIGj5ZsR8J9DAx//8AXf/sA/MGAAImAEkAAAEHAHUBVAAAABQAsABFWLAILxuxCBo+WbEgCfQwMf//AF3/7APzBgACJgBJAAABBgCeXgAAFACwAEVYsAgvG7EIGj5ZsSAB9DAx//8AXf/sA/MFxQImAEkAAAEHAGoAjgAAABcAsABFWLAILxuxCBo+WbElAfSwLtAwMQD////GAAABZwX/AiYAjQAAAQYARI3/ABQAsABFWLACLxuxAho+WbEFCfQwMf//AJYAAAI3Bf8CJgCNAAABBgB1G/8AFACwAEVYsAMvG7EDGj5ZsQYJ9DAx////zwAAAiwF/wImAI0AAAEHAJ7/Jv//ABQAsABFWLACLxuxAho+WbEIAfQwMf///7sAAAJEBcQCJgCNAAABBwBq/1b//wAXALAARViwAi8bsQIaPlmxCwH0sBTQMDEA//8AjAAAA98F7AImAFIAAAEGAKVhBAAUALAARViwAy8bsQMaPlmxFQH0MDH//wBb/+wENAYAAiYAUwAAAQcARADPAAAAFACwAEVYsAQvG7EEGj5ZsR0J9DAx//8AW//sBDQGAAImAFMAAAEHAHUBXgAAABQAsABFWLAELxuxBBo+WbEeCfQwMf//AFv/7AQ0BgACJgBTAAABBgCeaAAAFACwAEVYsAQvG7EEGj5ZsR4B9DAx//8AW//sBDQF7AImAFMAAAEGAKVkBAAUALAARViwBC8bsQQaPlmxHwH0MDH//wBb/+wENAXFAiYAUwAAAQcAagCYAAAAFwCwAEVYsAQvG7EEGj5ZsSMB9LAs0DAxAP//AIj/7APcBgACJgBZAAABBwBEAMcAAAAUALAARViwBy8bsQcaPlmxEgn0MDH//wCI/+wD3AYAAiYAWQAAAQcAdQFWAAAAFACwAEVYsA0vG7ENGj5ZsRMJ9DAx//8AiP/sA9wGAAImAFkAAAEGAJ5gAAAUALAARViwBy8bsQcaPlmxFQH0MDH//wCI/+wD3AXFAiYAWQAAAQcAagCQAAAAFwCwAEVYsAcvG7EHGj5ZsRgB9LAh0DAxAP//ABb+SwOwBgACJgBdAAABBwB1ARsAAAAUALAARViwAS8bsQEaPlmxEgn0MDH//wAW/ksDsAXFAiYAXQAAAQYAalUAABcAsABFWLAPLxuxDxo+WbEXAfSwINAwMQD//wAcAAAFHQbjAiYAJQAAAQcAcADHAT4AEwCwAEVYsAQvG7EEHj5ZsAzcMDEA//8Abf/sA+oFrQImAEUAAAEGAHBsCAATALAARViwFy8bsRcaPlmwKtwwMQD//wAcAAAFHQcOAiYAJQAAAQcAoQD0ATcAEwCwAEVYsAQvG7EEHj5ZsA3cMDEA//8Abf/sA+oF2AImAEUAAAEHAKEAmQABABMAsABFWLAXLxuxFxo+WbAr3DAxAAACABz+TwUdBbAAFgAZAGkAsABFWLAWLxuxFh4+WbAARViwFC8bsRQSPlmwAEVYsAEvG7EBEj5ZsABFWLAMLxuxDBQ+WbEHA7AKK1gh2Bv0WbABELAR0LARL7IXFBYREjmwFy+xEwGwCitYIdgb9FmyGRYUERI5MDEBASMHBhUUMzI3FwYjIiY1NDcDIQMjAQMhAwLwAi0mOnFOMDQNRlpZZ6mH/Z6JxgIsowHv+AWw+lAtW1ZIGnksaFaQbAFz/oQFsPxqAqkAAAIAbf5PA+oETgAtADcAlACwAEVYsBcvG7EXGj5ZsABFWLAELxuxBBI+WbAARViwHi8bsR4SPlmwAEVYsCkvG7EpFD5ZsB4QsADQsAAvsgIEFxESObILFwQREjmwCy+wFxCxDwGwCitYIdgb9FmyEgsXERI5sCkQsSQDsAorWCHYG/RZsAQQsS4BsAorWCHYG/RZsAsQsTMBsAorWCHYG/RZMDElJicGIyImNTQkMzM1NCYjIgYVIzQ2NjMyFhcRFBcVIwcGFRQzMjcXBiMiJjU0JzI2NzUjIBUUFgMkDweBs6DNAQHptHRxY4a6c8V2u9QEJiE6cU4wNA1GWllniFecI5H+rHQHJkWGtYupu1Vhc2RHUZdYu6T+DpVYEC1bVkgaeSxoVpDwWkjex1diAP//AHf/7ATYB1cCJgAnAAABBwB1AcYBVwAUALAARViwCy8bsQsePlmxHwj0MDH//wBc/+wD7AYAAiYARwAAAQcAdQEzAAAAFACwAEVYsBAvG7EQGj5ZsSAJ9DAx//8Ad//sBNgHVwImACcAAAEHAJ4A0AFXABQAsABFWLALLxuxCx4+WbEfBvQwMf//AFz/7APsBgACJgBHAAABBgCePQAAFACwAEVYsBAvG7EQGj5ZsSAB9DAx//8Ad//sBNgHGQImACcAAAEHAKIBrQFXABQAsABFWLALLxuxCx4+WbEjBPQwMf//AFz/7APsBcICJgBHAAABBwCiARoAAAAUALAARViwEC8bsRAaPlmxJAH0MDH//wB3/+wE2AdXAiYAJwAAAQcAnwDlAVgAFACwAEVYsAsvG7ELHj5ZsSEG9DAx//8AXP/sA+wGAAImAEcAAAEGAJ9SAQAUALAARViwEC8bsRAaPlmxIgH0MDH//wCpAAAExgdCAiYAKAAAAQcAnwCeAUMAFACwAEVYsAEvG7EBHj5ZsRsG9DAx//8AX//sBSsGAgAmAEgAAAEHAboD1AUTAEgAsvAfAXKyHx8BXbKfHwFdsh8fAXG0zx/fHwJxst8fAXKyXx8BcrJPHwFxss8fAV20Tx9fHwJdsmAfAV2y4B8BcbLgHwFdMDH//wCpAAAERgbvAiYAKQAAAQcAcACSAUoAEwCwAEVYsAYvG7EGHj5ZsA3cMDEA//8AXf/sA/MFrQImAEkAAAEGAHBcCAATALAARViwCC8bsQgaPlmwH9wwMQD//wCpAAAERgcaAiYAKQAAAQcAoQC/AUMAEwCwAEVYsAYvG7EGHj5ZsA/cMDEA//8AXf/sA/MF2AImAEkAAAEHAKEAiQABABMAsABFWLAILxuxCBo+WbAh3DAxAP//AKkAAARGBwQCJgApAAABBwCiAXEBQgAUALAARViwBi8bsQYePlmxEwT0MDH//wBd/+wD8wXCAiYASQAAAQcAogE7AAAAFACwAEVYsAgvG7EIGj5ZsSUB9DAxAAEAqf5PBEYFsAAbAHoAsABFWLAWLxuxFh4+WbAARViwFS8bsRUSPlmwAEVYsA8vG7EPFD5ZsABFWLAELxuxBBI+WbIaFRYREjmwGi+xAQGwCitYIdgb9FmwFRCxAgGwCitYIdgb9FmwDxCxCgOwCitYIdgb9FmwFhCxGQGwCitYIdgb9FkwMQEhESEVIwcGFRQzMjcXBiMiJjU0NyERIRUhESED4P2JAt1JOnFOMDQNRlpZZ5v9XQOT/S0CdwKh/fydLVtWSBp5LGhWimkFsJ7+LAAAAgBd/mgD8wROACUALQB+ALAARViwGi8bsRoaPlmwAEVYsA0vG7ENFD5ZsABFWLASLxuxEhI+WbAE0LANELEIA7AKK1gh2Bv0WbIqEhoREjmwKi+0vyrPKgJdsR4BsAorWCHYG/RZsBIQsSIBsAorWCHYG/RZsiUSGhESObAaELEmAbAKK1gh2Bv0WTAxJQYHMwcGFRQzMjcXBiMiJjU0NyYANTU0NjYzMhIRFSEWFjMyNjcBIgYHITUmJgPlR3MBOnFOMDQNRlpZZ2La/vV73YHT6v0jBLOKYogz/sJwmBICHgiIvW42LVtWSBp5LGhWbFoEASHvIaH9j/7q/v1NoMVQQgKho5MOjZsA//8AqQAABEYHQgImACkAAAEHAJ8AqQFDABQAsABFWLAGLxuxBh4+WbERBvQwMf//AF3/7APzBgACJgBJAAABBgCfcwEAFACwAEVYsAgvG7EIGj5ZsSIB9DAx//8Aev/sBNwHVwImACsAAAEHAJ4AyAFXABQAsABFWLALLxuxCx4+WbEiBvQwMf//AGD+VgPyBgACJgBLAAABBgCeVQAAFACwAEVYsAMvG7EDGj5ZsScB9DAx//8Aev/sBNwHLwImACsAAAEHAKEA8wFYABMAsABFWLALLxuxCx4+WbAi3DAxAP//AGD+VgPyBdgCJgBLAAABBwChAIAAAQATALAARViwAy8bsQMaPlmwJ9wwMQD//wB6/+wE3AcZAiYAKwAAAQcAogGlAVcAFACwAEVYsAsvG7ELHj5ZsScE9DAx//8AYP5WA/IFwgImAEsAAAEHAKIBMgAAABQAsABFWLADLxuxAxo+WbEsAfQwMf//AHr99gTcBcQCJgArAAAABwG6Adr+l///AGD+VgPyBpMCJgBLAAABBwI0ASsAWAATALAARViwAy8bsQMaPlmwKtwwMQD//wCpAAAFCAdCAiYALAAAAQcAngDxAUIAFACwAEVYsAcvG7EHHj5ZsRAG9DAx//8AjAAAA98HQQImAEwAAAEHAJ4AHQFBAAkAsBEvsBTcMDEA////twAAAnoHLgImAC0AAAEHAKX/PAFGABQAsABFWLADLxuxAx4+WbEHBPQwMf///50AAAJgBeoCJgCNAAABBwCl/yIAAgAUALAARViwAy8bsQMaPlmxBwH0MDH////MAAACbAbvAiYALQAAAQcAcP8+AUoAEwCwAEVYsAIvG7ECHj5ZsAXcMDEA////sgAAAlIFqwImAI0AAAEHAHD/JAAGABMAsABFWLACLxuxAho+WbAF3DAxAP///+wAAAJDBxoCJgAtAAABBwCh/2sBQwATALAARViwAi8bsQIePlmwB9wwMQD////SAAACKQXXAiYAjQAAAQcAof9RAAAAEwCwAEVYsAIvG7ECGj5ZsAfcMDEA//8AGP5YAXgFsAImAC0AAAAGAKTmCf////v+TwFoBcQCJgBNAAAABgCkyQD//wCpAAABhAcEAiYALQAAAQcAogAcAUIAFACwAEVYsAIvG7ECHj5ZsQsE9DAx//8At//sBfkFsAAmAC0AAAAHAC4CLQAA//8Ajf5LA0oFxAAmAE0AAAAHAE4B8QAA//8ANf/sBIIHNQImAC4AAAEHAJ4BfAE1ABQAsABFWLAALxuxAB4+WbEUBvQwMf///7T+SwI5BdgCJgCcAAABBwCe/zP/2AAUALAARViwDS8bsQ0aPlmxEgT0MDH//wCp/lgFBQWwAiYALwAAAAcBugGU/vn//wCN/kUEDAYAAiYATwAAAAcBugER/ub//wChAAAEHAcxAiYAMAAAAQcAdQAmATEAFACwAEVYsAUvG7EFHj5ZsQgI9DAx//8AkwAAAjQHlgImAFAAAAEHAHUAGAGWABQAsABFWLADLxuxAyA+WbEGCfQwMf//AKn+CQQcBbACJgAwAAAABwG6AWz+qv//AFf+CQFVBgACJgBQAAAABwG6//v+qv//AKkAAAQcBbECJgAwAAABBwG6AdUEwgAQALAARViwCi8bsQoePlkwMf//AJwAAAKtBgIAJgBQAAABBwG6AVYFEwBQALIfCAFdsp8IAV20HwgvCAJxsq8IAXG0Lwg/CAJyst8IAXK2XwhvCH8IA3K0zwjfCAJxsk8IAXGyzwgBXbRPCF8IAl2yYAgBXbLwCAFyMDH//wCpAAAEHAWwAiYAMAAAAAcAogG8/cX//wCcAAACoAYAACYAUAAAAAcAogE4/bb//wCpAAAFCAc2AiYAMgAAAQcAdQH1ATYAFACwAEVYsAgvG7EIHj5ZsQwI9DAx//8AjAAAA98GAAImAFIAAAEHAHUBWwAAABQAsABFWLADLxuxAxo+WbEUCfQwMf//AKn+CQUIBbACJgAyAAAABwG6AdD+qv//AIz+CQPfBE4CJgBSAAAABwG6ATP+qv//AKkAAAUIBzYCJgAyAAABBwCfARQBNwAUALAARViwBi8bsQYePlmxDwb0MDH//wCMAAAD3wYAAiYAUgAAAQYAn3oBABQAsABFWLADLxuxAxo+WbEWAfQwMf///7wAAAPfBgQCJgBSAAABBwG6/2AFFQAQALAXL7JPFwFdsp8XAV0wMf//AHb/7AUJBuUCJgAzAAABBwBwAOkBQAATALAARViwDS8bsQ0ePlmwIdwwMQD//wBb/+wENAWtAiYAUwAAAQYAcGYIABMAsABFWLAELxuxBBo+WbAd3DAxAP//AHb/7AUJBxACJgAzAAABBwChARYBOQATALAARViwDS8bsQ0ePlmwItwwMQD//wBb/+wENAXYAiYAUwAAAQcAoQCTAAEAEwCwAEVYsAQvG7EEGj5ZsB/cMDEA//8Adv/sBQkHNwImADMAAAEHAKYBawE4ABcAsABFWLANLxuxDR4+WbEmCPSwItAwMQD//wBb/+wENAX/AiYAUwAAAQcApgDoAAAAFwCwAEVYsAQvG7EEGj5ZsSIJ9LAe0DAxAP//AKgAAATJBzYCJgA2AAABBwB1AYABNgAUALAARViwBC8bsQQePlmxGgj0MDH//wCMAAAC0gYAAiYAVgAAAQcAdQC2AAAAFACwAEVYsAsvG7ELGj5ZsRAJ9DAx//8AqP4JBMkFsAImADYAAAAHAboBY/6q//8AU/4JApcETgImAFYAAAAHAbr/9/6q//8AqAAABMkHNgImADYAAAEHAJ8AnwE3ABQAsABFWLAELxuxBB4+WbEdBvQwMf//AGMAAALNBgACJgBWAAABBgCf1gEAFACwAEVYsAsvG7ELGj5ZsRIB9DAx//8AUP/sBHIHOAImADcAAAEHAHUBjQE4ABQAsABFWLAGLxuxBh4+WbEpCPQwMf//AF//7AO7BgACJgBXAAABBwB1AVEAAAAUALAARViwCS8bsQkaPlmxKQn0MDH//wBQ/+wEcgc4AiYANwAAAQcAngCXATgAFACwAEVYsAYvG7EGHj5ZsSkG9DAx//8AX//sA7sGAAImAFcAAAEGAJ5bAAAUALAARViwCS8bsQkaPlmxKQH0MDH//wBQ/k0EcgXEAiYANwAAAAcAeQGfAAD//wBf/kUDuwROAiYAVwAAAAcAeQFd//j//wBQ/f8EcgXEAiYANwAAAAcBugF1/qD//wBf/fYDuwROAiYAVwAAAAcBugEz/pf//wBQ/+wEcgc4AiYANwAAAQcAnwCsATkAFACwAEVYsAYvG7EGHj5ZsSsG9DAx//8AX//sA7sGAAImAFcAAAEGAJ9wAQAUALAARViwCS8bsQkaPlmxKwH0MDH//wAx/f8ElwWwAiYAOAAAAAcBugFm/qD//wAJ/f8CVgVAAiYAWAAAAAcBugDF/qD//wAx/k0ElwWwAiYAOAAAAAcAeQGQAAD//wAJ/k0CmQVAAiYAWAAAAAcAeQDvAAD//wAxAAAElwc2AiYAOAAAAQcAnwChATcAFACwAEVYsAYvG7EGHj5ZsQ0G9DAx//8ACf/sAuwGeQAmAFgAAAEHAboBlQWKABIAsg8aAV2ynxoBXbJPGgFdMDH//wCM/+wEqgciAiYAOQAAAQcApQDAAToAFACwAEVYsBIvG7ESHj5ZsRYE9DAx//8AiP/sA9wF7AImAFkAAAEGAKVcBAAUALAARViwDS8bsQ0aPlmxFAH0MDH//wCM/+wEqgbjAiYAOQAAAQcAcADCAT4AEwCwAEVYsBIvG7ESHj5ZsBPcMDEA//8AiP/sA9wFrQImAFkAAAEGAHBeCAATALAARViwBy8bsQcaPlmwEtwwMQD//wCM/+wEqgcOAiYAOQAAAQcAoQDvATcAEwCwAEVYsAovG7EKHj5ZsBbcMDEA//8AiP/sA9wF2AImAFkAAAEHAKEAiwABABMAsABFWLAHLxuxBxo+WbAU3DAxAP//AIz/7ASqB5ECJgA5AAABBwCjAUsBQQAXALAARViwCi8bsQoePlmxFgb0sCDQMDEA//8AiP/sA9wGWwImAFkAAAEHAKMA5wALABcAsABFWLAHLxuxBxo+WbEUBPSwHtAwMQD//wCM/+wEqgc1AiYAOQAAAQcApgFEATYAFwCwAEVYsBIvG7ESHj5ZsRUI9LAZ0DAxAP//AIj/7AQMBf8CJgBZAAABBwCmAOAAAAAXALAARViwDS8bsQ0aPlmxEwn0sBfQMDEAAAEAjP57BKoFsAAgAFUAsABFWLAYLxuxGB4+WbAARViwDS8bsQ0UPlmwAEVYsBMvG7ETEj5ZsBgQsCDQsgQTIBESObANELEIA7AKK1gh2Bv0WbATELEcAbAKK1gh2Bv0WTAxAREGBgcGFRQzMjcXBiMiJjU0NwciACcRMxEUFjMyNjURBKoBioObTjA0DUZaWWdPFu/+5AK+rqGjrQWw/CGU4jtyYEgaeSxoVmFTAQEC4gPg/Caer66eA9sAAQCI/k8D5gQ6AB8AbwCwAEVYsBcvG7EXGj5ZsABFWLAdLxuxHRo+WbAARViwHy8bsR8SPlmwAEVYsBIvG7ESEj5ZsABFWLAKLxuxChQ+WbEFA7AKK1gh2Bv0WbAfELAP0LAPL7IQEh0REjmwEhCxGgGwCitYIdgb9FkwMSEHBhUUMzI3FwYjIiY1NDcnBiMiJicRMxEUMzI3ETMRA9I6cU4wNA1GWllnpgRs0a21AbnI1Ea5LVtWSBp5LGhWj2plf8nFAsD9RfaeAxP7xv//AD0AAAbtBzYCJgA7AAABBwCeAcUBNgAUALAARViwAy8bsQMePlmxFwb0MDH//wArAAAF0wYAAiYAWwAAAQcAngEkAAAAFACwAEVYsAwvG7EMGj5ZsQ8B9DAx//8ADwAABLsHNgImAD0AAAEHAJ4AkgE2ABQAsABFWLABLxuxAR4+WbELBvQwMf//ABb+SwOwBgACJgBdAAABBgCeJQAAFACwAEVYsA8vG7EPGj5ZsRQB9DAx//8ADwAABLsG+wImAD0AAAEHAGoAwgE2ABcAsABFWLAILxuxCB4+WbEQBPSwGdAwMQD//wBWAAAEegc2AiYAPgAAAQcAdQGHATYAFACwAEVYsAcvG7EHHj5ZsQwI9DAx//8AWAAAA7MGAAImAF4AAAEHAHUBIQAAABQAsABFWLAHLxuxBxo+WbEMCfQwMf//AFYAAAR6BvgCJgA+AAABBwCiAW4BNgAUALAARViwBy8bsQcePlmxEQT0MDH//wBYAAADswXCAiYAXgAAAQcAogEIAAAAFACwAEVYsAcvG7EHGj5ZsREB9DAx//8AVgAABHoHNgImAD4AAAEHAJ8ApgE3ABQAsABFWLAHLxuxBx4+WbEPBvQwMf//AFgAAAOzBgACJgBeAAABBgCfQAEAFACwAEVYsAcvG7EHGj5ZsQ8B9DAx////8gAAB1cHQgImAIEAAAEHAHUCyQFCABQAsABFWLAGLxuxBh4+WbEVCPQwMf//AE7/7AZ8BgECJgCGAAABBwB1AnoAAQAUALAARViwHS8bsR0aPlmxQAn0MDH//wB2/6MFHQeAAiYAgwAAAQcAdQHpAYAAFACwAEVYsBAvG7EQHj5ZsSwI9DAx//8AW/96BDQGAAImAIkAAAEHAHUBNwAAABQAsABFWLAELxuxBBo+WbEpCfQwMf///74AAAQfBI0CJgIwAAABBwIm/y//eAAsALIfGAFxtN8Y7xgCcbQfGC8YAl2yHxgBcrJPGAFxtO8Y/xgCXbJfGAFdMDH///++AAAEHwSNAiYCMAAAAQcCJv8v/3gANgC07xf/FwJdsk8XAXGyHxcBcrLfFwFysm8XAXK03xfvFwJxsh8XAXGyXxcBXbQfFy8XAl0wMf//ACgAAAP9BI0CJgHYAAABBgImReAADQCyAwoBXbKwCgFdMDEA//8AEwAABHAGHgImAjMAAAEHAEQA1QAeABQAsABFWLAELxuxBBw+WbEMBvQwMf//ABMAAARwBh4CJgIzAAABBwB1AWQAHgAUALAARViwBS8bsQUcPlmxDQb0MDH//wATAAAEcAYeAiYCMwAAAQYAnm4eABQAsABFWLAELxuxBBw+WbEPBPQwMf//ABMAAARwBgoCJgIzAAABBgClaiIAFACwAEVYsAUvG7EFHD5ZsQ4C9DAx//8AEwAABHAF4wImAjMAAAEHAGoAngAeABcAsABFWLAELxuxBBw+WbESAvSwG9AwMQD//wATAAAEcAZ5AiYCMwAAAQcAowD1ACkAFwCwAEVYsAQvG7EEHD5ZsQ4G9LAY0DAxAP//ABMAAARwBnwCJgIzAAAABwInAP8ACv//AGD+SgQwBJ0CJgIxAAAABwB5AXT//f//AIoAAAOuBh4CJgIoAAABBwBEAKgAHgAUALAARViwBi8bsQYcPlmxDQb0MDH//wCKAAADrgYeAiYCKAAAAQcAdQE3AB4AFACwAEVYsAcvG7EHHD5ZsQ4G9DAx//8AigAAA64GHgImAigAAAEGAJ5BHgAUALAARViwBi8bsQYcPlmxEAT0MDH//wCKAAADrgXjAiYCKAAAAQYAanEeABcAsABFWLAGLxuxBhw+WbETAvSwHNAwMQD///++AAABXwYeAiYB4wAAAQYARIUeABQAsABFWLACLxuxAhw+WbEFBvQwMf//AI4AAAIvBh4CJgHjAAABBgB1Ex4AFACwAEVYsAMvG7EDHD5ZsQYG9DAx////xwAAAiQGHgImAeMAAAEHAJ7/HgAeABQAsABFWLACLxuxAhw+WbEIBPQwMf///7MAAAI8BeMCJgHjAAABBwBq/04AHgAXALAARViwAi8bsQIcPlmxCwL0sBTQMDEA//8AigAABFgGCgImAd4AAAEHAKUAlQAiABQAsABFWLAGLxuxBhw+WbENAvQwMf//AGD/8ARaBh4CJgHdAAABBwBEAO4AHgAUALAARViwCi8bsQocPlmxHQb0MDH//wBg//AEWgYeAiYB3QAAAQcAdQF9AB4AFACwAEVYsAovG7EKHD5ZsR4G9DAx//8AYP/wBFoGHgImAd0AAAEHAJ4AhwAeABQAsABFWLAKLxuxChw+WbEgBPQwMf//AGD/8ARaBgoCJgHdAAABBwClAIMAIgAUALAARViwCi8bsQocPlmxHwL0MDH//wBg//AEWgXjAiYB3QAAAQcAagC3AB4AFwCwAEVYsAovG7EKHD5ZsSMC9LAs0DAxAP//AHT/8AQKBh4CJgHXAAABBwBEAM8AHgAUALAARViwCS8bsQkcPlmxEwb0MDH//wB0//AECgYeAiYB1wAAAQcAdQFeAB4AFACwAEVYsBEvG7ERHD5ZsRQG9DAx//8AdP/wBAoGHgImAdcAAAEGAJ5oHgAUALAARViwCS8bsQkcPlmxFgT0MDH//wB0//AECgXjAiYB1wAAAQcAagCYAB4AFwCwAEVYsAkvG7EJHD5ZsRkC9LAi0DAxAP//AA0AAAQcBh4CJgHTAAABBwB1ATMAHgAUALAARViwAS8bsQEcPlmxCwb0MDH//wATAAAEcAXLAiYCMwAAAQYAcGwmABMAsABFWLAELxuxBBw+WbAM3DAxAP//ABMAAARwBfYCJgIzAAABBwChAJkAHwAUALAARViwBC8bsQQcPlmxDgj0MDEAAgAT/k8EcASNABYAGQBpALAARViwAC8bsQAcPlmwAEVYsBQvG7EUEj5ZsABFWLABLxuxARI+WbAARViwDC8bsQwUPlmxBwOwCitYIdgb9FmwARCwEdCwES+yFxQAERI5sBcvsRMBsAorWCHYG/RZshkAFBESOTAxAQEjBwYVFDMyNxcGIyImNTQ3AyEDIwEDIQMCmAHYJjpxTjA0DUZaWWewaP34br0B33gBkccEjftzLVtWSBp5LGhWlGwBCv7pBI39IQH9AP//AGD/8AQwBh4CJgIxAAABBwB1AWkAHgAUALAARViwCy8bsQscPlmxHwb0MDH//wBg//AEMAYeAiYCMQAAAQYAnnMeABQAsABFWLALLxuxCxw+WbEhBPQwMf//AGD/8AQwBeACJgIxAAABBwCiAVAAHgAUALAARViwCy8bsQscPlmxIwL0MDH//wBg//AEMAYeAiYCMQAAAQcAnwCIAB8AFACwAEVYsAsvG7ELHD5ZsSEG9DAx//8AigAABB8GHgImAjAAAAEGAJ8xHwAUALAARViwAS8bsQEcPlmxGgb0MDH//wCKAAADrgXLAiYCKAAAAQYAcD8mABMAsABFWLAGLxuxBhw+WbAN3DAxAP//AIoAAAOuBfYCJgIoAAABBgChbB8AFACwAEVYsAYvG7EGHD5ZsQ8I9DAx//8AigAAA64F4AImAigAAAEHAKIBHgAeABQAsABFWLAGLxuxBhw+WbETAvQwMQABAIr+TwOuBI0AGwB8ALAARViwFi8bsRYcPlmwAEVYsBQvG7EUEj5ZsABFWLAPLxuxDxQ+WbAUELAb0LAbL7IfGwFdst8bAV2xAAGwCitYIdgb9FmwFBCxAgGwCitYIdgb9FmwFBCwBdCwDxCxCgOwCitYIdgb9FmwFhCxGQGwCitYIdgb9FkwMQEhESEVIwcGFRQzMjcXBiMiJjU0NyERIRUhESEDV/3sAms9OnFOMDQNRlpZZ5v9ygMe/ZsCFAIO/omXLVtWSBp5LGhWimkEjZn+sgD//wCKAAADrgYeAiYCKAAAAQYAn1YfABQAsABFWLAGLxuxBhw+WbERBvQwMf//AGP/8AQ1Bh4CJgHlAAABBgCecR4AFACwAEVYsAovG7EKHD5ZsSAE9DAx//8AY//wBDUF9gImAeUAAAEHAKEAnAAfABQAsABFWLAKLxuxChw+WbEgCPQwMf//AGP/8AQ1BeACJgHlAAABBwCiAU4AHgAUALAARViwCi8bsQocPlmxJQL0MDH//wBj/fwENQSdAiYB5QAAAAcBugFP/p3//wCKAAAEWAYeAiYB5AAAAQcAngCQAB4AFACwAEVYsAcvG7EHHD5ZsRAE9DAx////lQAAAlgGCgImAeMAAAEHAKX/GgAiABQAsABFWLADLxuxAxw+WbEHAvQwMf///6oAAAJKBcsCJgHjAAABBwBw/xwAJgATALAARViwAi8bsQIcPlmwBdwwMQD////KAAACIQX2AiYB4wAAAQcAof9JAB8AFACwAEVYsAIvG7ECHD5ZsQcI9DAx//8ABv5PAWYEjQImAeMAAAAGAKTUAP//AIgAAAFjBeACJgHjAAABBgCi+x4AFACwAEVYsAIvG7ECHD5ZsQsC9DAx//8AK//wBA0GHgImAeIAAAEHAJ4BBwAeABQAsABFWLAALxuxABw+WbEUBPQwMf//AIr+BQRXBI0CJgHhAAAABwG6ART+pv//AIIAAAOLBh4CJgHgAAABBgB1Bx4AFACwAEVYsAUvG7EFHD5ZsQgG9DAx//8Aiv4HA4sEjQImAeAAAAAHAboBEP6o//8AigAAA4sEjgImAeAAAAEHAboBfgOfABAAsABFWLAKLxuxChw+WTAx//8AigAAA4sEjQImAeAAAAAHAKIBZv03//8AigAABFgGHgImAd4AAAEHAHUBjwAeABQAsABFWLAILxuxCBw+WbEMBvQwMf//AIr+AwRYBI0CJgHeAAAABwG6AWz+pP//AIoAAARYBh4CJgHeAAABBwCfAK4AHwAUALAARViwBi8bsQYcPlmxDwb0MDH//wBg//AEWgXLAiYB3QAAAQcAcACFACYAEwCwAEVYsAovG7EKHD5ZsB3cMDEA//8AYP/wBFoF9gImAd0AAAEHAKEAsgAfABQAsABFWLAKLxuxChw+WbEfCPQwMf//AGD/8ARaBh0CJgHdAAABBwCmAQcAHgAXALAARViwCi8bsQocPlmxHgb0sCLQMDEA//8AigAABCUGHgImAdoAAAEHAHUBJwAeABQAsABFWLAFLxuxBRw+WbEZBvQwMf//AIr+BwQlBI0CJgHaAAAABwG6AQ3+qP//AIoAAAQlBh4CJgHaAAABBgCfRh8AFACwAEVYsAQvG7EEHD5ZsRwG9DAx//8AQ//wA90GHgImAdkAAAEHAHUBPgAeABQAsABFWLAJLxuxCRw+WbEoBvQwMf//AEP/8APdBh4CJgHZAAABBgCeSB4AFACwAEVYsAkvG7EJHD5ZsSoE9DAx//8AQ/5NA90EnQImAdkAAAAHAHkBUwAA//8AQ//wA90GHgImAdkAAAEGAJ9dHwAUALAARViwCS8bsQkcPlmxKgb0MDH//wAo/gED/QSNAiYB2AAAAAcBugEU/qL//wAoAAAD/QYeAiYB2AAAAQYAn1AfABQAsABFWLAGLxuxBhw+WbENBvQwMf//ACj+TwP9BI0CJgHYAAAABwB5AT4AAv//AHT/8AQKBgoCJgHXAAABBgClZCIAFACwAEVYsBEvG7ERHD5ZsRUC9DAx//8AdP/wBAoFywImAdcAAAEGAHBmJgATALAARViwCS8bsQkcPlmwE9wwMQD//wB0//AECgX2AiYB1wAAAQcAoQCTAB8AFACwAEVYsAkvG7EJHD5ZsRUI9DAx//8AdP/wBAoGeQImAdcAAAEHAKMA7wApABcAsABFWLAJLxuxCRw+WbEVBvSwH9AwMQD//wB0//AEFAYdAiYB1wAAAQcApgDoAB4AFwCwAEVYsBEvG7ERHD5ZsRQG9LAY0DAxAAABAHT+dAQKBI0AIABVALAARViwGC8bsRgcPlmwAEVYsA4vG7EOFD5ZsABFWLATLxuxExI+WbAYELAg0LIFEyAREjmwDhCxCQOwCitYIdgb9FmwExCxHAGwCitYIdgb9FkwMQERFAYHBwYVFDMyNxcGIyImNTQ3IiYnETMRFBYzMjY1EQQKeG8ybE4wNA1GWllnWs35BLePhYOPBI3883q6MChbUkgaeSxoVmhWzrgDF/z0eYF/ewMMAP//ADEAAAXxBh4CJgHVAAABBwCeATsAHgAUALAARViwAy8bsQMcPlmxFwT0MDH//wANAAAEHAYeAiYB0wAAAQYAnj0eABQAsABFWLAILxuxCBw+WbENBPQwMf//AA0AAAQcBeMCJgHTAAABBgBqbR4AFwCwAEVYsAgvG7EIHD5ZsRAC9LAZ0DAxAP//AEcAAAPgBh4CJgHSAAABBwB1ATMAHgAUALAARViwCC8bsQgcPlmxDAb0MDH//wBHAAAD4AXgAiYB0gAAAQcAogEaAB4AFACwAEVYsAcvG7EHHD5ZsREC9DAx//8ARwAAA+AGHgImAdIAAAEGAJ9SHwAUALAARViwBy8bsQccPlmxDwb0MDH//wAcAAAFHQY/AiYAJQAAAAYArgQA////KQAABEYGPwImACkAAAAHAK7+cgAA////NwAABQgGQQImACwAAAAHAK7+gAAC////PQAAAXcGQAImAC0AAAAHAK7+hgAB////5v/sBR0GPwAmADMUAAAHAK7/LwAA////FAAABR8GPwAmAD1kAAAHAK7+XQAA////6QAABN8GPwAmALoUAAAHAK7/MgAA////m//0Aq0GdAImAMMAAAEHAK//Kv/sAB0AsABFWLAMLxuxDBo+WbEYAfSwD9CwGBCwIdAwMQD//wAcAAAFHQWwAgYAJQAA//8AqQAABIgFsAIGACYAAP//AKkAAARGBbACBgApAAD//wBWAAAEegWwAgYAPgAA//8AqQAABQgFsAIGACwAAP//ALcAAAF3BbACBgAtAAD//wCpAAAFBQWwAgYALwAA//8AqQAABlIFsAIGADEAAP//AKkAAAUIBbACBgAyAAD//wB2/+wFCQXEAgYAMwAA//8AqQAABMAFsAIGADQAAP//ADEAAASXBbACBgA4AAD//wAPAAAEuwWwAgYAPQAA//8AOQAABM4FsAIGADwAAP///9UAAAJeBwcCJgAtAAABBwBq/3ABQgAXALAARViwAi8bsQIePlmxCwT0sBTQMDEA//8ADwAABLsG+wImAD0AAAEHAGoAwgE2ABcAsABFWLAILxuxCB4+WbEQBPSwGdAwMQD//wBk/+sEdwY6AiYAuwAAAQcArgF1//sAFACwAEVYsBMvG7ETGj5ZsSQB9DAx//8AY//sA+wGOQImAL8AAAEHAK4BK//6ABQAsABFWLAVLxuxFRo+WbEoAfQwMf//AJH+YQPwBjoCJgDBAAABBwCuAUb/+wAUALAARViwAy8bsQMaPlmxFQH0MDH//wDD//QCSwYlAiYAwwAAAQYArirmABQAsABFWLAMLxuxDBo+WbEPAfQwMf//AI//7AP2BnQCJgDLAAABBgCvIewAHQCwAEVYsAAvG7EAGj5ZsR0B9LAV0LAdELAn0DAxAP//AJoAAAQ/BDoCBgCOAAD//wBb/+wENAROAgYAUwAA//8Amv5gA+4EOgIGAHYAAP//ACEAAAO6BDoCBgBaAAAAAQBa/kwEdARJABsAbgCwAEVYsAQvG7EEGj5ZsABFWLAALxuxABo+WbAARViwEy8bsRMUPlmwAEVYsA4vG7EOFD5ZsgMEExESObISEwQREjmyBgMSERI5sQkBsAorWCHYG/RZshUSAxESObAAELEYAbAKK1gh2Bv0WTAxEzIXExMzARMWFzM3BwYjIiYnAwEjAQMmIwcnNsKuWJX/u/6g2j1EGkgvGCVbeD6i/ufEAYOoSWtEAUQEScD+rQIE/S/+DoADBZ4PXoYBcv2/AxABg7cFlA8A////5f/0Am4FsQImAMMAAAEGAGqA7AAXALAARViwDC8bsQwaPlmxFAH0sB3QMDEA//8Aj//sA/YFsQImAMsAAAEGAGp37AAXALAARViwAC8bsQAaPlmxGgH0sCPQMDEA//8AW//sBDQGOgImAFMAAAEHAK4BQ//7ABQAsABFWLAELxuxBBo+WbEeAfQwMf//AI//7AP2BiUCJgDLAAABBwCuASL/5gAUALAARViwAC8bsQAaPlmxFQH0MDH//wB6/+wGGQYiAiYAzgAAAQcArgJT/+MAFACwAEVYsAAvG7EAGj5ZsSYB9DAx//8AqQAABEYHBwImACkAAAEHAGoAxAFCABcAsABFWLAGLxuxBh4+WbETBPSwHNAwMQD//wCxAAAEMAdCAiYAsQAAAQcAdQGQAUIAFACwAEVYsAQvG7EEHj5ZsQgI9DAxAAEAUP/sBHIFxAAmAGSyACcoERI5ALAARViwBi8bsQYePlmwAEVYsBovG7EaEj5ZsAYQsAvQsAYQsQ4BsAorWCHYG/RZsiYaBhESObAmELEUAbAKK1gh2Bv0WbAaELAf0LAaELEiAbAKK1gh2Bv0WTAxASYmNTQkMzIWFhUjNCYjIgYVFBYEFhYVFAQjIiQmNTMUFjMyNjQmAlb34QET3JbrgcGomY6flwFrzWP+7OeW/vyNwcOjmKKWAolHz5is4XTMeYSXfW9Ze2Z7pG+x1XPIf4SZfNZ1//8AtwAAAXcFsAIGAC0AAP///9UAAAJeBwcCJgAtAAABBwBq/3ABQgAXALAARViwAi8bsQIePlmxCwT0sBTQMDEA//8ANf/sA8wFsAIGAC4AAP//ALIAAAUdBbACBgIsAAD//wCpAAAFBQcwAiYALwAAAQcAdQF7ATAAFACwAEVYsAUvG7EFHj5ZsQ4I9DAx//8ATf/rBMsHGgImAN4AAAEHAKEA2gFDABMAsABFWLARLxuxER4+WbAV3DAxAP//ABwAAAUdBbACBgAlAAD//wCpAAAEiAWwAgYAJgAA//8AsQAABDAFsAIGALEAAP//AKkAAARGBbACBgApAAD//wCxAAAE/wcaAiYA3AAAAQcAoQExAUMAEwCwAEVYsAgvG7EIHj5ZsA3cMDEA//8AqQAABlIFsAIGADEAAP//AKkAAAUIBbACBgAsAAD//wB2/+wFCQXEAgYAMwAA//8AsgAABQEFsAIGALYAAP//AKkAAATABbACBgA0AAD//wB3/+wE2AXEAgYAJwAA//8AMQAABJcFsAIGADgAAP//ADkAAATOBbACBgA8AAD//wBt/+wD6gROAgYARQAA//8AXf/sA/METgIGAEkAAP//AJwAAAQBBcQCJgDwAAABBwChAKL/7QATALAARViwCC8bsQgaPlmwDdwwMQD//wBb/+wENAROAgYAUwAA//8AjP5gBB4ETgIGAFQAAAABAFz/7APsBE4AHQBLshAeHxESOQCwAEVYsBAvG7EQGj5ZsABFWLAILxuxCBI+WbEAAbAKK1gh2Bv0WbAIELAD0LAQELAU0LAQELEXAbAKK1gh2Bv0WTAxJTI2NzMOAiMiABE1NDY2MzIWFyMmJiMiBhUVFBYCPmOUCK8FdsVu3f77dNmUtvEIrwiPaY2bmoN4Wl2oZAEnAQAfnvaI2q5ph8vAI7vKAP//ABb+SwOwBDoCBgBdAAD//wApAAADygQ6AgYAXAAA//8AXf/sA/MFxQImAEkAAAEHAGoAjgAAABcAsABFWLAILxuxCBo+WbElAfSwLtAwMQD//wCaAAADRwXsAiYA7AAAAQcAdQDN/+wAFACwAEVYsAQvG7EEGj5ZsQgJ9DAx//8AX//sA7sETgIGAFcAAP//AI0AAAFoBcQCBgBNAAD///+7AAACRAXEAiYAjQAAAQcAav9W//8AFwCwAEVYsAIvG7ECGj5ZsQsB9LAU0DAxAP///7/+SwFZBcQCBgBOAAD//wCcAAAEPwXrAiYA8QAAAQcAdQE7/+sAFACwAEVYsAQvG7EEGj5ZsQ8J9DAx//8AFv5LA7AF2AImAF0AAAEGAKFQAQATALAARViwDy8bsQ8aPlmwE9wwMQD//wA9AAAG7Qc2AiYAOwAAAQcARAIsATYAFACwAEVYsAMvG7EDHj5ZsRQI9DAx//8AKwAABdMGAAImAFsAAAEHAEQBiwAAABQAsABFWLALLxuxCxo+WbEOCfQwMf//AD0AAAbtBzYCJgA7AAABBwB1ArsBNgAUALAARViwBC8bsQQePlmxFQj0MDH//wArAAAF0wYAAiYAWwAAAQcAdQIaAAAAFACwAEVYsAwvG7EMGj5ZsQ8J9DAx//8APQAABu0G+wImADsAAAEHAGoB9QE2ABcAsABFWLADLxuxAx4+WbEaBPSwI9AwMQD//wArAAAF0wXFAiYAWwAAAQcAagFUAAAAFwCwAEVYsAsvG7ELGj5ZsRQB9LAd0DAxAP//AA8AAAS7BzYCJgA9AAABBwBEAPkBNgAUALAARViwCC8bsQgePlmxCgj0MDH//wAW/ksDsAYAAiYAXQAAAQcARACMAAAAFACwAEVYsA8vG7EPGj5ZsREJ9DAx//8AZwQhAP0GAAIGAAsAAP//AIgEEgIjBgACBgAGAAD//wCg//UDigWwACYABQAAAAcABQIPAAD///+0/ksCPwXYAiYAnAAAAQcAn/9I/9kAFACwAEVYsA0vG7ENGj5ZsRMB9DAx//8AMAQWAUcGAAIGAYUAAP//AKkAAAZSBzYCJgAxAAABBwB1ApkBNgAUALAARViwAi8bsQIePlmxEQj0MDH//wCLAAAGeAYAAiYAUQAAAQcAdQKtAAAAFACwAEVYsAMvG7EDGj5ZsSAJ9DAx//8AHP5rBR0FsAImACUAAAAHAKcBfwAA//8Abf5rA+oETgImAEUAAAAHAKcAxwAA//8AqQAABEYHQgImACkAAAEHAEQA+wFCABQAsABFWLAGLxuxBh4+WbENCPQwMf//ALEAAAT/B0ICJgDcAAABBwBEAW0BQgAUALAARViwCC8bsQgePlmxCwj0MDH//wBd/+wD8wYAAiYASQAAAQcARADFAAAAFACwAEVYsAgvG7EIGj5ZsR8J9DAx//8AnAAABAEF7AImAPAAAAEHAEQA3v/sABQAsABFWLAILxuxCBo+WbELCfQwMf//AFoAAAUhBbACBgC5AAD//wBf/igFQwQ6AgYAzQAA//8AFgAABN0G6AImARkAAAEHAKwEOQD6ABcAsABFWLAPLxuxDx4+WbERCPSwFdAwMQD////7AAAECwXBAiYBGgAAAQcArAPU/9MAFwCwAEVYsBEvG7ERGj5ZsRMJ9LAX0DAxAP//AFv+SwhABE4AJgBTAAAABwBdBJAAAP//AHb+SwkwBcQAJgAzAAAABwBdBYAAAP//AFD+UQRqBcQCJgDbAAAABwJRAZz/uP//AFj+UgOsBE0CJgDvAAAABwJRAUP/uf//AHf+UQTYBcQCJgAnAAAABwJRAeX/uP//AFz+UQPsBE4CJgBHAAAABwJRAVL/uP//AA8AAAS7BbACBgA9AAD//wAu/mAD3wQ6AgYAvQAA//8AtwAAAXcFsAIGAC0AAP//ABsAAAc1BxoCJgDaAAABBwChAfgBQwATALAARViwDS8bsQ0ePlmwGdwwMQD//wAVAAAGBAXEAiYA7gAAAQcAoQFf/+0AEwCwAEVYsA0vG7ENGj5ZsBncMDEA//8AtwAAAXcFsAIGAC0AAP//ABwAAAUdBw4CJgAlAAABBwChAPQBNwATALAARViwBC8bsQQePlmwDtwwMQD//wBt/+wD6gXYAiYARQAAAQcAoQCZAAEAEwCwAEVYsBcvG7EXGj5ZsCzcMDEA//8AHAAABR0G+wImACUAAAEHAGoA+QE2ABcAsABFWLAELxuxBB4+WbESBPSwG9AwMQD//wBt/+wD6gXFAiYARQAAAQcAagCeAAAAFwCwAEVYsBcvG7EXGj5ZsTAB9LA50DAxAP////IAAAdXBbACBgCBAAD//wBO/+wGfAROAgYAhgAA//8AqQAABEYHGgImACkAAAEHAKEAvwFDABMAsABFWLAGLxuxBh4+WbAP3DAxAP//AF3/7APzBdgCJgBJAAABBwChAIkAAQATALAARViwCC8bsQgaPlmwIdwwMQD//wBd/+wFEgbZAiYBWAAAAQcAagDTARQAFwCwAEVYsAAvG7EAHj5ZsScE9LAw0DAxAP//AGL/7APpBE8CBgCdAAD//wBi/+wD6QXGAiYAnQAAAQcAagCHAAEAFwCwAEVYsAAvG7EAGj5ZsSQB9LAt0DAxAP//ABsAAAc1BwcCJgDaAAABBwBqAf0BQgAXALAARViwDS8bsQ0ePlmxHQT0sCbQMDEA//8AFQAABgQFsQImAO4AAAEHAGoBZP/sABcAsABFWLANLxuxDRo+WbEdAfSwJtAwMQD//wBQ/+wEagccAiYA2wAAAQcAagC3AVcAFwCwAEVYsAsvG7ELHj5ZsTAE9LA50DAxAP//AFj/7QOsBcUCJgDvAAABBgBqXgAAFwCwAEVYsAovG7EKGj5ZsS4B9LA30DAxAP//ALEAAAT/Bu8CJgDcAAABBwBwAQQBSgATALAARViwCC8bsQgePlmwC9wwMQD//wCcAAAEAQWZAiYA8AAAAQYAcHX0ABMAsABFWLAHLxuxBxo+WbAL3DAxAP//ALEAAAT/BwcCJgDcAAABBwBqATYBQgAXALAARViwCC8bsQgePlmxEQT0sBrQMDEA//8AnAAABAEFsQImAPAAAAEHAGoAp//sABcAsABFWLAILxuxCBo+WbERAfSwGtAwMQD//wB2/+wFCQb9AiYAMwAAAQcAagEbATgAFwCwAEVYsA0vG7ENHj5ZsScE9LAw0DAxAP//AFv/7AQ0BcUCJgBTAAABBwBqAJgAAAAXALAARViwBC8bsQQaPlmxIwH0sCzQMDEA//8AZ//sBPoFxAIGARcAAP//AFv/7AQ0BE4CBgEYAAD//wBn/+wE+gcCAiYBFwAAAQcAagEnAT0AFwCwAEVYsA0vG7ENHj5ZsScE9LAw0DAxAP//AFv/7AQ0BccCJgEYAAABBwBqAIgAAgAXALAARViwBC8bsQQaPlmxJAH0sC3QMDEA//8Ak//sBPQHHQImAOcAAAEHAGoBDQFYABcAsABFWLATLxuxEx4+WbEnBPSwMNAwMQD//wBk/+wD4AXFAiYA/wAAAQYAanwAABcAsABFWLAILxuxCBo+WbEnAfSwMNAwMQD//wBN/+sEywbvAiYA3gAAAQcAcACtAUoAEwCwAEVYsBEvG7ERHj5ZsBPcMDEA//8AFv5LA7AFrQImAF0AAAEGAHAjCAATALAARViwDi8bsQ4aPlmwEdwwMQD//wBN/+sEywcHAiYA3gAAAQcAagDfAUIAFwCwAEVYsBEvG7ERHj5ZsRkE9LAi0DAxAP//ABb+SwOwBcUCJgBdAAABBgBqVQAAFwCwAEVYsA8vG7EPGj5ZsRcB9LAg0DAxAP//AE3/6wTLB0ECJgDeAAABBwCmAS8BQgAXALAARViwAS8bsQEePlmxFAj0sBjQMDEA//8AFv5LA9EF/wImAF0AAAEHAKYApQAAABcAsABFWLAPLxuxDxo+WbEWCfSwEtAwMQD//wCWAAAEyAcHAiYA4QAAAQcAagEJAUIAFwCwAEVYsAsvG7ELHj5ZsRoE9LAj0DAxAP//AGcAAAO9BbECJgD5AAABBgBqZOwAFwCwAEVYsAkvG7EJGj5ZsRgB9LAh0DAxAP//ALIAAAYwBwcAJgDmDwAAJwAtBLkAAAEHAGoB0wFCABcAsABFWLAKLxuxCh4+WbEfBPSwKNAwMQD//wCdAAAFfwWxACYA/gAAACcAjQQqAAABBwBqAW3/7AAXALAARViwCi8bsQoaPlmxHwH0sCjQMDEA//8AX//sA/AGAAIGAEgAAP//ABz+ogUdBbACJgAlAAAABwCtBQIAAP//AG3+ogPqBE4CJgBFAAAABwCtBEoAAP//ABwAAAUdB7oCJgAlAAABBwCrBO4BRgAUALAARViwBC8bsQQePlmxCwj0MDH//wBt/+wD6gaEAiYARQAAAQcAqwSTABAAFACwAEVYsBcvG7EXGj5ZsSkB9DAx//8AHAAABR0HwwImACUAAAEHAjcAwwEuABcAsABFWLAFLxuxBR4+WbEODPSwFNAwMQD//wBt/+wEwAaOAiYARQAAAQYCN2j5ABcAsABFWLAXLxuxFxo+WbEsCPSwMtAwMQD//wAcAAAFHQe/AiYAJQAAAQcCOADHAT0AFwCwAEVYsAQvG7EEHj5ZsQ4M9LAT0DAxAP///8r/7APqBokCJgBFAAABBgI4bAcAFwCwAEVYsBcvG7EXGj5ZsSwI9LAx0DAxAP//ABwAAAUdB+oCJgAlAAABBwI5AMgBGwAXALAARViwBS8bsQUePlmxDAz0sCDQMDEA//8Abf/sBFkGtQImAEUAAAEGAjlt5gAXALAARViwFy8bsRcaPlmxKgj0sDDQMDEA//8AHAAABR0H2gImACUAAAEHAjoAxwEGABcAsABFWLAFLxuxBR4+WbEMDPSwFdAwMQD//wBt/+wD6galAiYARQAAAQYCOmzRABcAsABFWLAXLxuxFxo+WbEqCPSwM9AwMQD//wAc/qIFHQc2AiYAJQAAACcAngDJATYBBwCtBQIAAAAUALAARViwBC8bsQQePlmxDwb0MDH//wBt/qID6gYAAiYARQAAACYAnm4AAQcArQRKAAAAFACwAEVYsBcvG7EXGj5ZsS0B9DAx//8AHAAABR0HtwImACUAAAEHAjwA6gEtABcAsABFWLAELxuxBB4+WbEOB/SwG9AwMQD//wBt/+wD6gaCAiYARQAAAQcCPACP//gAFwCwAEVYsBcvG7EXGj5ZsSwE9LA50DAxAP//ABwAAAUdB7cCJgAlAAABBwI1AOoBLQAXALAARViwBC8bsQQePlmxDgf0sBzQMDEA//8Abf/sA+oGggImAEUAAAEHAjUAj//4ABcAsABFWLAXLxuxFxo+WbEsBPSwOtAwMQD//wAcAAAFHQhAAiYAJQAAAQcCPQDuAT0AFwCwAEVYsAQvG7EEHj5ZsQ4H9LAn0DAxAP//AG3/7APqBwoCJgBFAAABBwI9AJMABwAXALAARViwFy8bsRcaPlmxLAT0sEXQMDEA//8AHAAABR0IFQImACUAAAEHAlAA7gFFABcAsABFWLAELxuxBB4+WbEOB/SwHNAwMQD//wBt/+wD6gbfAiYARQAAAQcCUACTAA8AFwCwAEVYsBcvG7EXGj5ZsSwE9LA60DAxAP//ABz+ogUdBw4CJgAlAAAAJwChAPQBNwEHAK0FAgAAABMAsABFWLAELxuxBB4+WbAO3DAxAP//AG3+ogPqBdgCJgBFAAAAJwChAJkAAQEHAK0ESgAAABMAsABFWLAXLxuxFxo+WbAs3DAxAP//AKn+rARGBbACJgApAAAABwCtBMAACv//AF3+ogPzBE4CJgBJAAAABwCtBIwAAP//AKkAAARGB8YCJgApAAABBwCrBLkBUgAUALAARViwBi8bsQYePlmxDAj0MDH//wBd/+wD8waEAiYASQAAAQcAqwSDABAAFACwAEVYsAgvG7EIGj5ZsR4B9DAx//8AqQAABEYHLgImACkAAAEHAKUAkAFGABQAsABFWLAGLxuxBh4+WbEPBPQwMf//AF3/7APzBewCJgBJAAABBgClWgQAFACwAEVYsAgvG7EIGj5ZsSEB9DAx//8AqQAABOYHzwImACkAAAEHAjcAjgE6ABcAsABFWLAHLxuxBx4+WbEPDPSwFdAwMQD//wBd/+wEsAaOAiYASQAAAQYCN1j5ABcAsABFWLAILxuxCBo+WbEhCPSwJ9AwMQD////wAAAERgfLAiYAKQAAAQcCOACSAUkAFwCwAEVYsAYvG7EGHj5ZsQ8M9LAU0DAxAP///7r/7APzBokCJgBJAAABBgI4XAcAFwCwAEVYsAgvG7EIGj5ZsSEI9LAm0DAxAP//AKkAAAR/B/YCJgApAAABBwI5AJMBJwAXALAARViwBi8bsQYePlmxDwz0sBPQMDEA//8AXf/sBEkGtQImAEkAAAEGAjld5gAXALAARViwCC8bsQgaPlmxHwj0sCXQMDEA//8AqQAABEYH5gImACkAAAEHAjoAkgESABcAsABFWLAGLxuxBh4+WbEPDPSwFtAwMQD//wBd/+wD8walAiYASQAAAQYCOlzRABcAsABFWLAILxuxCBo+WbEhCPSwKNAwMQD//wCp/qwERgdCAiYAKQAAACcAngCUAUIBBwCtBMAACgAUALAARViwBi8bsQYePlmxEAb0MDH//wBd/qID8wYAAiYASQAAACYAnl4AAQcArQSMAAAAFACwAEVYsAgvG7EIGj5ZsSAB9DAx//8AtwAAAfgHxgImAC0AAAEHAKsDZAFSABQAsABFWLACLxuxAh4+WbEECPQwMf//AJsAAAHeBoICJgCNAAABBwCrA0oADgAUALAARViwAi8bsQIaPlmxBAH0MDH//wCj/qsBfgWwAiYALQAAAAcArQNrAAn//wCF/qwBaAXEAiYATQAAAAcArQNNAAr//wB2/qIFCQXEAiYAMwAAAAcArQUYAAD//wBb/qIENAROAiYAUwAAAAcArQSdAAD//wB2/+wFCQe8AiYAMwAAAQcAqwUQAUgAFACwAEVYsA0vG7ENHj5ZsS4I9DAx//8AW//sBDQGhAImAFMAAAEHAKsEjQAQABQAsABFWLAELxuxBBo+WbEqAfQwMf//AHb/7AU9B8UCJgAzAAABBwI3AOUBMAAXALAARViwDS8bsQ0ePlmxIwz0sCnQMDEA//8AW//sBLoGjgImAFMAAAEGAjdi+QAXALAARViwBC8bsQQaPlmxHwj0sCXQMDEA//8AR//sBQkHwQImADMAAAEHAjgA6QE/ABcAsABFWLANLxuxDR4+WbEhDPSwKNAwMQD////E/+wENAaJAiYAUwAAAQYCOGYHABcAsABFWLAELxuxBBo+WbEdCPSwJNAwMQD//wB2/+wFCQfsAiYAMwAAAQcCOQDqAR0AFwCwAEVYsA0vG7ENHj5ZsSEM9LAn0DAxAP//AFv/7ARTBrUCJgBTAAABBgI5Z+YAFwCwAEVYsAQvG7EEGj5ZsR0I9LAj0DAxAP//AHb/7AUJB9wCJgAzAAABBwI6AOkBCAAXALAARViwDS8bsQ0ePlmxIQz0sCrQMDEA//8AW//sBDQGpQImAFMAAAEGAjpm0QAXALAARViwBC8bsQQaPlmxHQj0sCbQMDEA//8Adv6iBQkHOAImADMAAAAnAJ4A6wE4AQcArQUYAAAAFACwAEVYsA0vG7ENHj5ZsSIG9DAx//8AW/6iBDQGAAImAFMAAAAmAJ5oAAEHAK0EnQAAABQAsABFWLAELxuxBBo+WbEeAfQwMf//AGX/7AWdBzECJgCYAAABBwB1Ad0BMQAUALAARViwDS8bsQ0ePlmxKAj0MDH//wBb/+wEugYAAiYAmQAAAQcAdQFlAAAAFACwAEVYsAQvG7EEGj5ZsSYJ9DAx//8AZf/sBZ0HMQImAJgAAAEHAEQBTgExABQAsABFWLANLxuxDR4+WbEnCPQwMf//AFv/7AS6BgACJgCZAAABBwBEANYAAAAUALAARViwBC8bsQQaPlmxJQn0MDH//wBl/+wFnQe1AiYAmAAAAQcAqwUMAUEAFACwAEVYsA0vG7ENHj5ZsTQI9DAx//8AW//sBLoGhAImAJkAAAEHAKsElAAQABQAsABFWLAELxuxBBo+WbEyAfQwMf//AGX/7AWdBx0CJgCYAAABBwClAOMBNQAUALAARViwDS8bsQ0ePlmxKQT0MDH//wBb/+wEugXsAiYAmQAAAQYApWsEABQAsABFWLAELxuxBBo+WbEnAfQwMf//AGX+ogWdBjcCJgCYAAAABwCtBQkAAP//AFv+mQS6BLACJgCZAAAABwCtBJv/9///AIz+ogSqBbACJgA5AAAABwCtBO4AAP//AIj+ogPcBDoCJgBZAAAABwCtBFEAAP//AIz/7ASqB7oCJgA5AAABBwCrBOkBRgAUALAARViwCi8bsQoePlmxEwj0MDH//wCI/+wD3AaEAiYAWQAAAQcAqwSFABAAFACwAEVYsAcvG7EHGj5ZsREB9DAx//8AjP/sBh0HQgImAJoAAAEHAHUB1AFCABQAsABFWLAaLxuxGh4+WbEdCPQwMf//AIj/7AUPBewCJgCbAAABBwB1AWP/7AAUALAARViwEy8bsRMaPlmxHAn0MDH//wCM/+wGHQdCAiYAmgAAAQcARAFFAUIAFACwAEVYsBIvG7ESHj5ZsRwI9DAx//8AiP/sBQ8F7AImAJsAAAEHAEQA1P/sABQAsABFWLANLxuxDRo+WbEbCfQwMf//AIz/7AYdB8YCJgCaAAABBwCrBQMBUgAUALAARViwGi8bsRoePlmxKQj0MDH//wCI/+wFDwZwAiYAmwAAAQcAqwSS//wAFACwAEVYsBMvG7ETGj5ZsSgB9DAx//8AjP/sBh0HLgImAJoAAAEHAKUA2gFGABQAsABFWLASLxuxEh4+WbEeBPQwMf//AIj/7AUPBdgCJgCbAAABBgClafAAFACwAEVYsBMvG7ETGj5ZsR0B9DAx//8AjP6aBh0GAgImAJoAAAAHAK0FCf/4//8AiP6iBQ8EkAImAJsAAAAHAK0EhwAA//8AD/6iBLsFsAImAD0AAAAHAK0EuwAA//8AFv4FA7AEOgImAF0AAAAHAK0FHP9j//8ADwAABLsHugImAD0AAAEHAKsEtwFGABQAsABFWLAILxuxCB4+WbEJCPQwMf//ABb+SwOwBoQCJgBdAAABBwCrBEoAEAAUALAARViwDy8bsQ8aPlmxEAH0MDH//wAPAAAEuwciAiYAPQAAAQcApQCOAToAFACwAEVYsAEvG7EBHj5ZsQwE9DAx//8AFv5LA7AF7AImAF0AAAEGAKUhBAAUALAARViwAS8bsQEaPlmxEwH0MDH//wBf/s0ErAYAACYASAAAACcCJgGhAkcBBwBDAJ//ZAAIALIvHgFdMDH//wAx/pkElwWwAiYAOAAAAAcCUQI/AAD//wAo/pkDsAQ6AiYA9gAAAAcCUQHGAAD//wCW/pkEyAWwAiYA4QAAAAcCUQL+AAD//wBn/pkDvQQ7AiYA+QAAAAcCUQH1AAD//wCx/pkEMAWwAiYAsQAAAAcCUQDvAAD//wCa/pkDRwQ6AiYA7AAAAAcCUQDVAAD//wA//lUFvQXDAiYBTAAAAAcCUQMG/7z////e/lkEYwROAiYBTQAAAAcCUQIB/8D//wCMAAAD3wYAAgYATAAAAAL/1AAABLEFsAASABsAZACwAEVYsA8vG7EPHj5ZsABFWLAKLxuxChI+WbICCg8REjmwAi+yDg8CERI5sA4vsQsBsAorWCHYG/RZsAHQsA4QsBHQsAIQsRMBsAorWCHYG/RZsAoQsRQBsAorWCHYG/RZMDEBIxUhFgQVFAQHIREjNTM1MxUzAxEhMjY1NCYnAlDtAWrkAQD+/t/908/PwO3tAV+Pn5mNBFDyA+TExeoEBFCXycn92f3dmIB7jgIAAAL/1AAABLEFsAASABsAZACwAEVYsBAvG7EQHj5ZsABFWLAKLxuxChI+WbICChAREjmwAi+yEQIQERI5sBEvsQEBsAorWCHYG/RZsAvQsBEQsA7QsAIQsRMBsAorWCHYG/RZsAoQsRQBsAorWCHYG/RZMDEBIxUhFgQVFAQHIREjNTM1MxUzAxEhMjY1NCYnAlDtAWrkAQD+/t/908/PwO3tAV+Pn5mNBFDyA+TExeoEBFCXycn92f3dmIB7jgIAAAEAAwAABDAFsAANAFAAsABFWLAILxuxCB4+WbAARViwAi8bsQISPlmyDQgCERI5sA0vsnoNAV2xAAGwCitYIdgb9FmwBNCwDRCwBtCwCBCxCgGwCitYIdgb9FkwMQEhESMRIzUzESEVIREhAn/+88GurgN//UIBDQKs/VQCrJcCbZ7+MQAAAf/8AAADRwQ6AA0ASwCwAEVYsAgvG7EIGj5ZsABFWLACLxuxAhI+WbINCAIREjmwDS+xAAGwCitYIdgb9FmwBNCwDRCwBtCwCBCxCgGwCitYIdgb9FkwMQEhESMRIzUzESEVIREhAnj+3LqengKt/g0BJAHf/iEB35cBxJn+1QAB//cAAAUxBbAAFACAALAARViwCC8bsQgePlmwAEVYsBAvG7EQHj5ZsABFWLACLxuxAhI+WbAARViwEy8bsRMSPlmyDggCERI5sA4vsi8OAV2yzw4BXbEBAbAKK1gh2Bv0WbIHCAIREjmwBy+xBAGwCitYIdgb9FmwBxCwCtCwBBCwDNCyEgEOERI5MDEBIxEjESM1MzUzFTMVIxEzATMBASMCN7HAz8/A7e2WAf3v/dQCVesCjv1yBDeX4uKX/vcCgv0+/RIAAAH/vwAABCgGAAAUAHYAsABFWLAILxuxCCA+WbAARViwEC8bsRAaPlmwAEVYsAIvG7ECEj5ZsABFWLATLxuxExI+WbIOEAIREjmwDi+xAQGwCitYIdgb9FmyBwgQERI5sAcvsQQBsAorWCHYG/RZsAcQsArQsAQQsAzQshIBDhESOTAxASMRIxEjNTM1MxUzFSMRMwEzAQEjAeCAuufnutvbfgE72/6GAa7bAfX+CwTBl6iol/3NAaz+E/2zAAABAA8AAAS7BbAADgBXsgoPEBESOQCwAEVYsAgvG7EIHj5ZsABFWLALLxuxCx4+WbAARViwAi8bsQISPlmyBggCERI5sAYvsQUBsAorWCHYG/RZsADQsgoIAhESObAGELAO0DAxASMRIxEjNTMBMwEBMwEzA6bhwNuU/lHcAXoBfNr+UZoCCf33AgmXAxD9JQLb/PAAAQAu/mAD3wQ6AA4AZLIKDxAREjkAsABFWLAILxuxCBo+WbAARViwCy8bsQsaPlmwAEVYsAIvG7ECFD5ZsABFWLAALxuxABI+WbAARViwBC8bsQQSPlmxBgGwCitYIdgb9FmyCgsAERI5sA3QsA7QMDEFIxEjESM1MwEzAQEzATMDSua63L/+ob0BHwEYvf6jyAv+awGVlwOu/NoDJvxSAAEAOQAABM4FsAARAGQAsABFWLALLxuxCx4+WbAARViwDi8bsQ4ePlmwAEVYsAIvG7ECEj5ZsABFWLAFLxuxBRI+WbIRCwIREjmwES+xAAGwCitYIdgb9FmyBAsCERI5sAfQsBEQsAnQsg0LAhESOTAxASMBIwEBIwEjNTMBMwEBMwEzA8SkAa7k/pr+mOMBr6CR/mvhAV8BXeL+a5YCnv1iAjj9yAKelwJ7/dICLv2FAAABACkAAAPKBDoAEQBkALAARViwCy8bsQsaPlmwAEVYsA4vG7EOGj5ZsABFWLACLxuxAhI+WbAARViwBS8bsQUSPlmyEQ4CERI5sBEvsQABsAorWCHYG/RZsgQOAhESObAH0LARELAJ0LINDgIREjkwMQEjASMDAyMBIzUzATMTEzMBMwM8swFB1vr61wFBqp7+1tbt8Nj+1qcB4f4fAZX+awHhlwHC/nUBi/4+AP//AGP/7APsBE0CBgC/AAD//wASAAAELwWwAiYAKgAAAAcCJv+D/n///wCRAosFyQMiAEYBr4QAZmZAAP//AF0AAAQzBcQCBgAWAAD//wBe/+wD+QXEAgYAFwAA//8ANQAABFAFsAIGABgAAP//AJr/7AQtBbACBgAZAAD//wCY/+wEMAWxAAYAGhQA//8AhP/sBCIFxAAGABwUAP//AGT//wP4BcQABgAdAAD//wCH/+wEHgXEAAYAFBQA//8Aev/sBNwHVwImACsAAAEHAHUBvgFXABQAsABFWLALLxuxCx4+WbEiCPQwMf//AGD+VgPyBgACJgBLAAABBwB1AUsAAAAUALAARViwAy8bsQMaPlmxJwn0MDH//wCpAAAFCAc2AiYAMgAAAQcARAFmATYAFACwAEVYsAYvG7EGHj5ZsQsI9DAx//8AjAAAA98GAAImAFIAAAEHAEQAzAAAABQAsABFWLADLxuxAxo+WbETCfQwMf//ABwAAAUdByACJgAlAAABBwCsBG0BMgAXALAARViwBC8bsQQePlmxDAj0sBDQMDEA//8AOf/sA+oF6wImAEUAAAEHAKwEEv/9ABcAsABFWLAXLxuxFxo+WbEqCfSwLtAwMQD//wBfAAAERgcsAiYAKQAAAQcArAQ4AT4AFwCwAEVYsAYvG7EGHj5ZsQ0I9LAR0DAxAP//ACn/7APzBesCJgBJAAABBwCsBAL//QAXALAARViwCC8bsQgaPlmxHwn0sCPQMDEA////CgAAAeoHLAImAC0AAAEHAKwC4wE+ABcAsABFWLACLxuxAh4+WbEFCPSwCdAwMQD///7wAAAB0AXpAiYAjQAAAQcArALJ//sAFwCwAEVYsAIvG7ECGj5ZsQUJ9LAJ0DAxAP//AHb/7AUJByICJgAzAAABBwCsBI8BNAAXALAARViwDS8bsQ0ePlmxIQj0sCXQMDEA//8AM//sBDQF6wImAFMAAAEHAKwEDP/9ABcAsABFWLAELxuxBBo+WbEdCfSwIdAwMQD//wBVAAAEyQcgAiYANgAAAQcArAQuATIAFwCwAEVYsAQvG7EEHj5ZsRkI9LAd0DAxAP///4sAAAKXBesCJgBWAAABBwCsA2T//QAXALAARViwCy8bsQsaPlmxDwn0sBPQMDEA//8AjP/sBKoHIAImADkAAAEHAKwEaAEyABcAsABFWLAJLxuxCR4+WbEUCPSwGNAwMQD//wAr/+wD3AXrAiYAWQAAAQcArAQE//0AFwCwAEVYsAcvG7EHGj5ZsRIJ9LAW0DAxAP///tYAAATSBj8AJgDQZAAABwCu/h8AAP//AKn+rASIBbACJgAmAAAABwCtBLoACv//AIz+mQQgBgACJgBGAAAABwCtBKv/9///AKn+rATGBbACJgAoAAAABwCtBLkACv//AF/+ogPwBgACJgBIAAAABwCtBL0AAP//AKn+CQTGBbACJgAoAAABBwG6AWX+qgAIALIAGgFdMDH//wBf/f8D8AYAAiYASAAAAAcBugFp/qD//wCp/qwFCAWwAiYALAAAAAcArQUfAAr//wCM/qwD3wYAAiYATAAAAAcArQShAAr//wCpAAAFBQcwAiYALwAAAQcAdQF7ATAAFACwAEVYsAUvG7EFHj5ZsQ4I9DAx//8AjQAABAwHQQImAE8AAAEHAHUBRAFBAAkAsAUvsA/cMDEA//8Aqf77BQUFsAImAC8AAAAHAK0E6ABZ//8Ajf7oBAwGAAImAE8AAAAHAK0EZQBG//8Aqf6sBBwFsAImADAAAAAHAK0EwAAK//8Ahv6sAWEGAAImAFAAAAAHAK0DTgAK//8Aqf6sBlIFsAImADEAAAAHAK0F0gAK//8Ai/6sBngETgImAFEAAAAHAK0F1gAK//8Aqf6sBQgFsAImADIAAAAHAK0FJAAK//8AjP6sA98ETgImAFIAAAAHAK0EhwAK//8Adv/sBQkH5gImADMAAAEHAjYFCwFTACoAsABFWLANLxuxDR4+WbAj3LJ/IwFxsu8jAXGyTyMBcbIvIwFxsDfQMDH//wCpAAAEwAdCAiYANAAAAQcAdQF8AUIAFACwAEVYsAMvG7EDHj5ZsRYI9DAx//8AjP5gBB4F9wImAFQAAAEHAHUBk//3ABQAsABFWLAMLxuxDBo+WbEdCfQwMf//AKj+rATJBbACJgA2AAAABwCtBLcACv//AIL+rAKXBE4CJgBWAAAABwCtA0oACv//AFD+ogRyBcQCJgA3AAAABwCtBMkAAP//AF/+mgO7BE4CJgBXAAAABwCtBIf/+P//ADH+ogSXBbACJgA4AAAABwCtBLoAAP//AAn+ogJWBUACJgBYAAAABwCtBBkAAP//AIz/7ASqB+QCJgA5AAABBwI2BOQBUQAWALAARViwEi8bsRIePlmwFtywKtAwMf//ABwAAAT9By4CJgA6AAABBwClALQBRgAUALAARViwBi8bsQYePlmxCgT0MDH//wAhAAADugXjAiYAWgAAAQYApR37ABQAsABFWLABLxuxARo+WbEKAfQwMf//ABz+rAT9BbACJgA6AAAABwCtBOQACv//ACH+rAO6BDoCJgBaAAAABwCtBE0ACv//AD3+rAbtBbACJgA7AAAABwCtBe8ACv//ACv+rAXTBDoCJgBbAAAABwCtBVMACv//AFb+rAR6BbACJgA+AAAABwCtBLoACv//AFj+rAOzBDoCJgBeAAAABwCtBGIACv///jL/7AVPBdYAJgAzRgAABwFx/cMAAP//ABMAAARwBRwCJgIzAAAABwCu/9z+3f///2MAAAPqBR8AJgIoPAAABwCu/qz+4P///4AAAASUBRwAJgHkPAAABwCu/sn+3f///4QAAAGNBR4AJgHjPAAABwCu/s3+3////9X/8ARkBRwAJgHdCgAABwCu/x7+3f///xsAAARYBRwAJgHTPAAABwCu/mT+3f///+4AAASIBRsAJgHzCgAABwCu/zf+3P//ABMAAARwBI0CBgIzAAD//wCKAAAD7wSNAgYCMgAA//8AigAAA64EjQIGAigAAP//AEcAAAPgBI0CBgHSAAD//wCKAAAEWASNAgYB5AAA//8AlwAAAVEEjQIGAeMAAP//AIoAAARXBI0CBgHhAAD//wCKAAAFdwSNAgYB3wAA//8AigAABFgEjQIGAd4AAP//AGD/8ARaBJ0CBgHdAAD//wCKAAAEGwSNAgYB3AAA//8AKAAAA/0EjQIGAdgAAP//AA0AAAQcBI0CBgHTAAD//wAmAAAEMQSNAgYB1AAA////swAAAjwF4wImAeMAAAEHAGr/TgAeABcAsABFWLACLxuxAhw+WbELAvSwFNAwMQD//wANAAAEHAXjAiYB0wAAAQYAam0eABcAsABFWLAILxuxCBw+WbEQAvSwGdAwMQD//wCKAAADrgXjAiYCKAAAAQYAanEeABcAsABFWLAGLxuxBhw+WbETAvSwHNAwMQD//wCKAAADhQYeAiYB6gAAAQcAdQE0AB4AFACwAEVYsAQvG7EEHD5ZsQgG9DAx//8AQ//wA90EnQIGAdkAAP//AJcAAAFRBI0CBgHjAAD///+zAAACPAXjAiYB4wAAAQcAav9OAB4AFwCwAEVYsAIvG7ECHD5ZsQsC9LAU0DAxAP//ACv/8ANNBI0CBgHiAAD//wCKAAAEVwYeAiYB4QAAAQcAdQElAB4AFACwAEVYsAUvG7EFHD5ZsQ8G9DAx//8AIv/sBAsF9gImAgEAAAEGAKFnHwAUALAARViwAi8bsQIcPlmxFAj0MDH//wATAAAEcASNAgYCMwAA//8AigAAA+8EjQIGAjIAAP//AIoAAAOFBI0CBgHqAAD//wCKAAADrgSNAgYCKAAA//8AigAABGEF9gImAf4AAAEHAKEAyQAfABQAsABFWLAILxuxCBw+WbENCPQwMf//AIoAAAV3BI0CBgHfAAD//wCKAAAEWASNAgYB5AAA//8AYP/wBFoEnQIGAd0AAP//AIoAAAREBI0CBgHvAAD//wCKAAAEGwSNAgYB3AAA//8AYP/wBDAEnQIGAjEAAP//ACgAAAP9BI0CBgHYAAD//wAmAAAEMQSNAgYB1AAAAAEAR/5QA9QEnQApAJ0AsABFWLAKLxuxChw+WbAARViwGS8bsRkSPlmwAEVYsBgvG7EYFD5ZsAoQsQMBsAorWCHYG/RZsgYKGRESObInGQoREjl8sCcvGLLwJwFdsgAnAXGyoCcBXbRgJ3AnAl2yMCcBcbRgJ3AnAnGxJgGwCitYIdgb9FmyECYnERI5sBkQsBbQsh0ZChESObAZELEgAbAKK1gh2Bv0WTAxATQmIyIGFSM0NjMyFhUUBgcWFhUUBgcRIxEmJjUzFhYzMjY1NCUjNTM2AwiKfW6Buu280+5uZ3Zxy6+6o7a5BYN5iJL+/52c7wNQVF1YT461qJZWjSkkkluMrxL+WwGnFK2IVmBgWMEFmAUAAQCK/pkE+gSNAA8AXwCwAS+wAEVYsAkvG7EJHD5ZsABFWLADLxuxAxI+WbAARViwBi8bsQYSPlmyCwMJERI5fLALLxiyoAsBXbEEAbAKK1gh2Bv0WbAJELAM0LADELEOAbAKK1gh2Bv0WTAxASMRIxEhESMRMxEhETMRMwT6uqH9pLm5Aly5ov6ZAWcB8v4OBI39/QID/AwAAAEAYP5WBDAEnQAfAFoAsABFWLAOLxuxDhw+WbAARViwAy8bsQMSPlmwAEVYsAUvG7EFFD5ZsAMQsAbQsA4QsBLQsA4QsRUBsAorWCHYG/RZsAMQsRwBsAorWCHYG/RZsAMQsB/QMDEBBgYHESMRJgI1NTQ2NjMyFhcjJiYjIgYHFRQWMzI2NwQwFMupurfXe+eYzPcTuRKNfpmnAZ+Xh40UAXmoxxT+YAGiHgEe42Gk+YjTu4J0y71qvc9vg///AA0AAAQcBI0CBgHTAAD//wAC/lEFawSdAiYCFwAAAAcCUQK8/7j//wCKAAAEYQXLAiYB/gAAAQcAcACcACYAEwCwAEVYsAgvG7EIHD5ZsAvcMDEA//8AIv/sBAsFywImAgEAAAEGAHA6JgATALAARViwES8bsREcPlmwE9wwMQD//wBgAAAFBgSNAgYB8QAA//8Al//wBTUEjQAmAeMAAAAHAeIB6AAA//8ACQAABfEGAAImAnMAAAAHAHUCngAA//8AYP/HBFoGHgImAnUAAAAHAHUBfQAe//8AQ/3/A90EnQImAdkAAAAHAboBKf6g//8AMQAABfEGHgImAdUAAAAHAEQBogAe//8AMQAABfEGHgImAdUAAAAHAHUCMQAe//8AMQAABfEF4wImAdUAAAAHAGoBawAe//8ADQAABBwGHgImAdMAAAAHAEQApAAe//8AHP5PBR0FsAImACUAAAAHAKQBfAAA//8Abf5PA+oETgImAEUAAAAHAKQAxAAA//8Aqf5ZBEYFsAImACkAAAAHAKQBOgAK//8AXf5PA/METgImAEkAAAAHAKQBBgAA//8AE/5PBHAEjQImAjMAAAAHAKQBHgAA//8Aiv5XA64EjQImAigAAAAHAKQA5wAI//8Ahf6sAWAEOgImAI0AAAAHAK0DTQAKAAEAAAUOAI8AFgBUAAUAAQAAAAAADgAAAgACJAAGAAEAAABhAGEAYQBhAGEAlAC5AToBrgJAAtQC6wMVAz8DcgOYA7cDzgPwBAcEVQSDBNMFSgWOBfAGUQZ+BvMHWwdwB4UHpAfMB+sISgjvCTUJlQnqCjAKcgqpCxYLYQt8C68MBAwoDHYMsg0IDVQNug4XDoMOrg7wDyAPdQ/KD/oQMxBYEG8QlRC8ENcQ9xFxEdASJBKDEuwTPxO6FAAUORSGFN0U+BVkFa8V/hZjFsUXAxdvF8IYCRg5GIcYzhkUGU0ZjhmlGeUaLRphGr4bMRuVG/ccFhy9HOwdlB4EHhAeLh7oHwIfPx+DH9QgUCBwILog5iEGIUIhdCG/Icsh5SH/IhkieyLgIx4jmiPvJGAlICWQJeMmVSa1JywniyemJ/YoQSh/KNApLCmxKkwqfSrkK0wrtywYLGwsxiz1LVotiC2sLbot5i4GLj8udS66Lu0vKy9IL2Uvbi+hL9Iv7jAKME4wWjCBMK8xLDFZMZ0xzDIJMn4y2DNBM7c0LjRhNNQ1QjWfNeo2azaZNvM3Yze1OBA4bDjEOQg5Sjm0OhE6eDrwO0Q7uzwXPJI9Cj1+PdM+ED5pPsI/MT+oP+1AOECAQPJBKEFtQatB9EJNQrFC/kN9RA9Ea0TcRVRFe0XSRkZGwUb6R1JHmkfiSD9IbkiaSSZJXEmdSdtKIEp4SttLJkuZTCBMfEz1TXdN7k5dTsVPAU9kT8VQLlCyUU5RmlHpUlRSw1M5U6lUNVTAVVJV7VZwVupXL1d1V+JYSlkFWcFaQVrBWxNbYVuWW7Jb6lwAXBZc6l1dXXhdk139XllezV79Xyhffl/UX+Bf7F/4YARgW2C+YRNhc2F/YYth1mJAYp9i/2OgZDlkRWRRZKJk5mTyZP5lTmWcZd5mUGbCZxtngGeMZ5hoEmiKaJZoomiuaLppJGmFaeBp72oDag9qG2ppas1rVWvHbDZsmmz8bWtt1m5gbuNvQG+Tb+ZwOHCvcLtwx3D2cPZw9nD2cPZw9nD2cPZw9nD2cPZw9nD2cPZw/nEGcRBxGnEycVZxenGdcbhxxHHQcghyR3Kpcs1y2XLpcwxz33P7dBh0K3Q/dIZ1EHWudj92S3crd494DXiseRB5i3nlelF7A3tqfAB8XnzCfNx89n0QfSp9nH3Dffx+GH5NfuB/In+vf/CADoAsgGWAcoCcgL+Ay4E0gYeCFIKDgvaDw4PDhXaF4oYyhl6GqIcGh32HrogViHmIwIk+iZKJxIoSikuKe4rEixyLTIuKi7WMHIx1jNSNH41zjayN/Y4hjmSOmo61jvaPVo+OkAKQZ5DGkPCRJpGOkcCSDpJAkoCS55M/k6GUAJRylOiVXpWxlfGWSpailxaXkZfNmB2YZpismOeZKZlpmbOaDZoZmmea15tVm62b8Jx2nNidOZ2XniyePZ6YnuWfM591n+agSqCwoSGhtaI7otKjRaO1o/ikVaSvpNylWaW4pc+mNaZ6pyWniaftqD2og6jEqQapTqmjqgqqSqpkqrOrKKtwq7isGKyGrLOtAq1irXatiq2crbCtwq3Zre2uSa67rwivaK/Rr/ywULCisOaxPbFksdWx67JvstKy/rMPsyCzM7NEs1WzaLN7s46zpLOss7SzvLPNs9iz4LRItJe0xLUltXi12bZUtp63BLdmt8q4Q7hLuOa5M7mfue+6aLrWuye7J7svu5W7+7xavJ29A70avTG9SL1fvXi9kb2dvam9wL3Xve6+B74evjW+TL5lvny+k76qvsG+2L7xvwi/H782v0+/Zr99v5S/qr/Av9m/8r/+wArAIcA4wE7AZ8B9wJPAqsDDwNnA8MEHwR3BM8FMwWPBesGQwanBwMHYwe/CBcIcwjPCl8Mvw0bDXcN0w4rDocO4w8/D5cP8xC3ERMRaxHHEiMSfxLbFIMWmxb3F08XqxgDGF8YuxkXGXMZoxn/Glsaoxr/G1sbtxwTHG8cyxz3HSMdfx2vHd8eOx6XHsce9x9TH68f3yAPIGMhNyFnIZch8yJPIn8iryMLI2MjtyQTJGskxyUjJYcl6yZHJqMm0ycDJ18ntygTKG8oyykjKVMpgymzKeMqPyqXKscq9ysnK1crsywLLGcsvy0bLXMtzy4rLo8u8y9XL7sxMzLPMyszhzPjNDs0nzT7NVc1szYPNms2wzcfN3s31zgzOL85XzmrOgc6Yzq7OxM7dzvbPAs8OzyXPPM9Sz2rPgM+Wz63Pxs/dz/TQC9Ai0DnQUtBp0IDQltCv0MbQ3NDz0VfRbtGE0ZvRstHI0d7R9NIL0nbSjNKi0rnS0NLc0vPTCtMh0zjTQ9NZ03DTfNOS057Ts9O/09bT4tP51BDUJ9RA1FfUY9R51JDUptSy1MjU1NTq1PbVDNUi1TnVUtVr1cjV39X11g3WJNY71lHWXNZo1nTWgNaM1pjWpNbA1sjW0NbY1uDW6Nbw1vjXANcI1xDXGNcg1yjXMNdJ12LXedeQ16fXvdfY1+DX6Nfw1/jYY9h72JPYqtjB2NjY8dkI2XTZfNmV2Z3Zpdm82dPZ29nj2evZ89oK2hLaGtoi2iraMto62kLaStpS2lracdp52oHa1drd2uXa/tsV2x3bJds+20bbXdtz24rbodu428/b6NwB3BjcL9w33D/cS9xi3GrcgdyY3KTcsNzH3N7c9d0M3RTdHN013U7dWt1m3XLdft2K3Zbdnt2m3a7dxd3c3eTd+94S3iveRN5M3lTea96C3pveo9683tXe7t8H3x/fNt9M32Xfft+X37DfuN/A39nf8uAL4CPgOuBQ4GnggeCa4LPgzODk4QHhHuEm4TLhPuFV4WzhheGd4bbhzuHn4f/iGOIw4kviZeJ+4pfisOLJ4uLi++MU4y3jSONj42/je+OS46njwOPW4+/kB+Qg5DjkUeRp5ILkmuS15M/k5uT95QnlFeUh5S3lROVb5XTljOWl5b3l1uXu5gfmH+Y65lTma+aC5pnmsObH5t7m9ecL5xfnI+cv5zvnUudp54Dnl+eu58Xn3Ofz6AroIOgs6DjoROhQ6GfofuiV6KvowOjM6Njo5Ojw6PzpCOkU6SDpKOmI6ejqK+pr6s/rLut468jsIex47IDsjOyW7J7spuyu7LbsvuzG7M7s1uzt7QTtG+0y7UvtZO197Zbtr+3I7eHt+u4T7izuRe5e7mrudu6C7o7umu6r7rfuw+7P7ubu+O8E7xDvHO8o7zTvQO9M71jveu+R76jvtO/A78zv2O/k7/DwCPAf8DXwQfBN8FnwZfBx8H3wifCV8KHwrfC58MXw0fDd8OXw7fD18P3xBfEN8RXxHfEl8S3xNfE98UXxTfFm8X7xlvGt8bXxvfHW8d7x9fIL8hPyG/Ij8ivyQvJK8lLyWvJi8mrycvJ68oLzDfNa87nzwfPN8+Tz+vQC9A70GvQm9DL0PvRK9Fb0YvRu9Hr0hvSS9J70qvS2AAAAAQAAAAIjEutvwDJfDzz1ABkIAAAAAADE8BEuAAAAANUBUvT6G/3VCTAIcwAAAAkAAgAAAAAAAAOMAGQAAAAAAAAAAAH7AAAB+wAAAg8AoAKPAIgE7QB3BH4AbgXcAGkE+QBlAWUAZwK8AIUCyAAmA3IAHASJAE4BkgAdAjUAJQIbAJADTAASBH4AcwR+AKoEfgBdBH4AXgR+ADUEfgCaBH4AhAR+AE0EfgBwBH4AZAHwAIYBsQApBBEASARkAJgELgCGA8cASwcvAGoFOAAcBPsAqQU1AHcFPwCpBIwAqQRsAKkFcwB6BbQAqQItALcEagA1BQQAqQROAKkG/ACpBbQAqQWAAHYFDACpBYAAbQTtAKgEvwBQBMYAMQUwAIwFFwAcBxkAPQUEADkEzgAPBMoAVgIfAJIDSAAoAh8ACQNYAEADnAAEAnkAOQRaAG0EfQCMBDAAXASDAF8EPQBdAscAPAR9AGAEaACMAfEAjQHp/78EDgCNAfEAnAcDAIsEagCMBJAAWwR9AIwEjABfArUAjAQgAF8CnQAJBGkAiAPgACEGAwArA/cAKQPJABYD9wBYArUAQAHzAK8CtQATBXEAgwHzAIsEYABpBKYAWwW0AGkEMwAPAesAkwToAFoDWABlBkkAWwOTAJMDwQBmBG4AfwZKAFoDqgCOAv0AggRGAGEC7wBCAu8APgKCAHsEiACaA+kAQwIWAJMB+wB0Au8AegOjAHoDwABmBdwAVQY1AFAGOQBvA8kARAd6//IERABZBYAAdgS6AKYEwgCLBsEATgSwAH4EkQBHBIgAWwScAJUExwBfBZoAHQH6AJsEcwCaBE8AIgIpACIFiwCiBIgAkQehAGgHRABhAfwAoAWHAF0Cuf/kBX4AZQSSAFsFkACMBPMAiAID/7QENwBiA8QAqQONAI0DqwCOA2oAgQHxAI0CrQB5AioAMgPGAHsC/ABeAloAfgAA/KcAAP1vAAD8iwAA/V4AAPwnAAD9OAINALcECwBxAhcAkwRzALEFpAAfBXEAZwU+ADIEkQB4BbUAsgSRAEUFuwBNBYkAWgVSAHEEhQBkBL0AoAQCAC4EiABgBFAAYwQlAG0EiACRBI4AegKXAMMEbgAlA+wAZQTEACkEiACRBE0AZQSIAGAELABRBF0AjwWjAFcFmgBfBpcAegShAHkEQv/aBkgASgX/ACoFZAB7CJEAMQikALEGggA+BbQAsAULAKIGBAAyB0MAGwS/AFAFtACxBakALwUHAE0GLABTBdkArwV6AJYHhwCwB8AAsAYSABAG6wCyBQUAowVkAJMHJwC3BRgAWQRsAGEEkgCdA1sAmgTUAC4GIAAVBBAAWASeAJwEUgCcBKAALAXvAJ0EnQCcBJ4AnAPYACgFzQBkBL0AnARZAGcGeACcBp4AkQT3AB4GNgCdBFgAnQRNAGQGhwCdBGQALwRo/+gETQBnBskAJwbkAJwEif/9BJ4AnAcIAJwGKwCBBFb/3AcrALcF+ACZBNIAKARGAA8HCwDJBgsAvAbRAJMF4QCWCQQAtgfRAJsEIwBQA9sATAVxAGcEiwBbBQoAFgQDAC4FcQBnBIgAWwcBAJwGJAB+BwgAnAYrAIEFMgB1BEcAZAT9AHQAAPxnAAD8cQAA/WYAAP2kAAD6GwAA+iwGCQCxBO0AnARW/9wFGwCoBIkAjARjAKIDkACRBNsAsQQFAJEHogAbBmEAFQWaALIEuACcBQkAowR+AJoGjABEBYMAPgX/AKkE2QCcB88AqAW0AJEIMQCwBvQAkQXuAHEE0wBtBRgAOQQqACkHLAA0BVwAHwW8AJYElgBnBW8AlgRqAIMFbwCJBi8APwS9/94FCQCjBFoAmgX+AC8E7wAsBbIAsQSIAJEGEgCpBOwAnAdPAKkGPgCdBYcAXQSoAGgEqABpBLcAOgOrADsFLgA5BEAAKQT2AFcGlABZBuQAZAZWADYFKwAxBEkAUgQHAHkHwQBEBnUAPwf7AKkGoQCQBPYAdgQdAGUFrQAjBSAARgVkAJYGAgAvBPIALAMgAG8EFAAACCkAAAQUAAAIKQAAArkAAAIKAAABXAAABH8AAAIwAAABogAAAQAAAADRAAAAAAAAAjQAJQI0ACUFQACiBj8AkAOlAA0BmQBgAZkAMAGXACQBmQBPAtQAaALbADwCwQAkBGkARgSPAFcCsgCKA8QAlAVaAJQBfgBSB6oARAJmAGwCZgBZA6MAOwLvADYDYAB6BKYAWwZVAB8GkACnCHYAqAXrAB8GKwCMBH4AXwXaAB8EIgAqBHQAIAVIAF0FTwAfBecAegPOAGgIOgCiBQEAZwUXAJgGJgBUBtcAZAbPAGMGagBZBI8AagWOAKkErwBFBJIAqATFAD8IOgBiAgz/sASCAGUEZACYBBEAPgQvAIUECAArAkwAtQKPAG4CAwBcBPMAPARuAB8EiwA8BtQAPAbUADwE7gA8BpsAXwAAAAAIMwBbCDUAXALvAEIC7wB6Au8AUAQPAFUEDwBgBA8AQgQOAHIEDwCABA8AMAQPAE4EDwBOBA8AmAQPAGMEIwBHBCsADQRUACYGFQAxBGcAFAR8AHQEJgAoBCAAQwRKAIoEuwBZBFwAigS7AGAE4wCKBgIAigO0AIoEVACKA88AKwHoAJcE4wCKBKwAYwPLAIoEIABDBDMAMAOhAA0DrwCKBGcAFAS7AGAEZwAUA4kAPgTOAIoD7wA/BWcAYAUXAGAE8gB1BXIAJgR8AGAHQQAnB08AigV0ACgEzQCKBFkAigUkAC4GCwAfBD8ARwTsAIoETgCLBMEAJwQfACIFKACKBGoAPQZRAIoGrACKBR0ACAXxAIoETgCKBHsASwZ2AIoEhwBQBBEACwZHAB8EeQCLBQkAiwU3ACMFwgBgBF8ADQSoACYGYQAmBGoAPQRqAIoFwwACBMoAXgQ/AEcEuwBgBDMAMAPjAEIIIgCKBKsAKALvAD4C7wA2Au8AWwLvAFYC7wA6Au8ATwLvAEkDlgCPArUAngPmAIoEOgAeBMMAZAVMALEFJACyBBMAkgU9ALIEDwCSBIAAigR8AGAEUACKBIUAEwH9AJ8DpACBAAD8pAPvAG4D8/9eBA4AaQP0AGkDrwCKA58AgQOeAIEC7wBQAu8ANgLvAFsC7wBWAu8AOgLvAE8C7wBJBYEAfgWuAH4FkwCyBeAAfgXjAH4D1QCgBIIAgwRYAA8EzwA+BGsAZQQuAEoDpACDAZEAZwakAGAEuQCCAfz/tgR/ADsEfwBzBH8AIwR/AHcEfwB2BH8ANwR/AH4EfwBfBH8AcAR/APQCBv+0AgT/tAH7AJsB+//6AfsAmwRQAIoFAAB4BCAAOwR9AIwEMgBcBJMAWwSMAFsEngBaBI0AjAScAFsEPQBdBH0AYAN5AFcE1gBnA7QAAAY5AAkD+ACKBLsAYATjADAE4wCKAfsAAAI1ACUFXQAHBV0ABwSG/+IExgAxAp3/9AU4ABwFOAAcBTgAHAU4ABwFOAAcBTgAHAU4ABwFNQB3BIwAqQSMAKkEjACpBIwAqQIt/+ACLQCwAi3/6QIt/9UFtACpBYAAdgWAAHYFgAB2BYAAdgWAAHYFMACMBTAAjAUwAIwFMACMBM4ADwRaAG0EWgBtBFoAbQRaAG0EWgBtBFoAbQRaAG0EMABcBD0AXQQ9AF0EPQBdBD0AXQH6/8YB+gCWAfr/zwH6/7sEagCMBJAAWwSQAFsEkABbBJAAWwSQAFsEaQCIBGkAiARpAIgEaQCIA8kAFgPJABYFOAAcBFoAbQU4ABwEWgBtBTgAHARaAG0FNQB3BDAAXAU1AHcEMABcBTUAdwQwAFwFNQB3BDAAXAU/AKkFGQBfBIwAqQQ9AF0EjACpBD0AXQSMAKkEPQBdBIwAqQQ9AF0EjACpBD0AXQVzAHoEfQBgBXMAegR9AGAFcwB6BH0AYAVzAHoEfQBgBbQAqQRoAIwCLf+3Afr/nQIt/8wB+v+yAi3/7AH6/9ICLQAYAfH/+wItAKkGlwC3A9oAjQRqADUCA/+0BQQAqQQOAI0ETgChAfEAkwROAKkB8QBXBE4AqQKHAJwETgCpAs0AnAW0AKkEagCMBbQAqQRqAIwFtACpBGoAjARq/7wFgAB2BJAAWwWAAHYEkABbBYAAdgSQAFsE7QCoArUAjATtAKgCtQBTBO0AqAK1AGMEvwBQBCAAXwS/AFAEIABfBL8AUAQgAF8EvwBQBCAAXwS/AFAEIABfBMYAMQKdAAkExgAxAp0ACQTGADECxQAJBTAAjARpAIgFMACMBGkAiAUwAIwEaQCIBTAAjARpAIgFMACMBGkAiAUwAIwEaQCIBxkAPQYDACsEzgAPA8kAFgTOAA8EygBWA/cAWATKAFYD9wBYBMoAVgP3AFgHev/yBsEATgWAAHYEiABbBID/vgSA/74EJgAoBIUAEwSFABMEhQATBIUAEwSFABMEhQATBIUAEwR8AGAD5gCKA+YAigPmAIoD5gCKAej/vgHoAI4B6P/HAej/swTjAIoEuwBgBLsAYAS7AGAEuwBgBLsAYAR8AHQEfAB0BHwAdAR8AHQEKwANBIUAEwSFABMEhQATBHwAYAR8AGAEfABgBHwAYASAAIoD5gCKA+YAigPmAIoD5gCKA+YAigSsAGMErABjBKwAYwSsAGME4wCKAej/lQHo/6oB6P/KAegABgHoAIgDzwArBFQAigO0AIIDtACKA7QAigO0AIoE4wCKBOMAigTjAIoEuwBgBLsAYAS7AGAESgCKBEoAigRKAIoEIABDBCAAQwQgAEMEIABDBCYAKAQmACgEJgAoBHwAdAR8AHQEfAB0BHwAdAR8AHQEfAB0BhUAMQQrAA0EKwANBCMARwQjAEcEIwBHBTgAHASM/ykFtP83Ai3/PQWU/+YFMv8UBWb/6QKX/5sFOAAcBPsAqQSMAKkEygBWBbQAqQItALcFBACpBvwAqQW0AKkFgAB2BQwAqQTGADEEzgAPBQQAOQIt/9UEzgAPBIUAZARQAGMEiACRApcAwwRdAI8EcwCaBJAAWwSIAJoD4AAhA/cAKQKX/+UEXQCPBJAAWwRdAI8GlwB6BIwAqQRzALEEvwBQAi0AtwIt/9UEagA1BSQAsgUEAKkFBwBNBTgAHAT7AKkEcwCxBIwAqQW0ALEG/ACpBbQAqQWAAHYFtQCyBQwAqQU1AHcExgAxBQQAOQRaAG0EPQBdBJ4AnASQAFsEfQCMBDAAXAPJABYD9wApBD0AXQNbAJoEIABfAfEAjQH6/7sB6f+/BFIAnAPJABYHGQA9BgMAKwcZAD0GAwArBxkAPQYDACsEzgAPA8kAFgFlAGcCjwCIBB4AoAID/7QBmQAwBvwAqQcDAIsFOAAcBFoAbQSMAKkFtACxBD0AXQSeAJwFiQBaBZoAXwUKABYEA//7CFkAWwlJAHYEvwBQBBAAWAU1AHcEMABcBM4ADwQCAC4CLQC3B0MAGwYgABUCLQC3BTgAHARaAG0FOAAcBFoAbQd6//IGwQBOBIwAqQQ9AF0FhwBdBDcAYgQ3AGIHQwAbBiAAFQS/AFAEEABYBbQAsQSeAJwFtACxBJ4AnAWAAHYEkABbBXEAZwSLAFsFcQBnBIsAWwVkAJMETQBkBQcATQPJABYFBwBNA8kAFgUHAE0DyQAWBXoAlgRZAGcG6wCyBjYAnQSDAF8FOAAcBFoAbQU4ABwEWgBtBTgAHARaAG0FOAAcBFr/ygU4ABwEWgBtBTgAHARaAG0FOAAcBFoAbQU4ABwEWgBtBTgAHARaAG0FOAAcBFoAbQU4ABwEWgBtBTgAHARaAG0EjACpBD0AXQSMAKkEPQBdBIwAqQQ9AF0EjACpBD0AXQSM//AEPf+6BIwAqQQ9AF0EjACpBD0AXQSMAKkEPQBdAi0AtwH6AJsCLQCjAfEAhQWAAHYEkABbBYAAdgSQAFsFgAB2BJAAWwWAAEcEkP/EBYAAdgSQAFsFgAB2BJAAWwWAAHYEkABbBX4AZQSSAFsFfgBlBJIAWwV+AGUEkgBbBX4AZQSSAFsFfgBlBJIAWwUwAIwEaQCIBTAAjARpAIgFkACMBPMAiAWQAIwE8wCIBZAAjATzAIgFkACMBPMAiAWQAIwE8wCIBM4ADwPJABYEzgAPA8kAFgTOAA8DyQAWBKEAXwTGADED2AAoBXoAlgRZAGcEcwCxA1sAmgYvAD8Evf/eBGgAjAUF/9QFBf/UBHMAAwNb//wFOP/3BCf/vwTOAA8EAgAuBQQAOQP3ACkEUABjBGwAEgY/AJAEfgBdBH4AXgR+ADUEfgCaBJIAmASmAIQEkgBkBKYAhwVzAHoEfQBgBbQAqQRqAIwFOAAcBFoAOQSMAF8EPQApAi3/CgH6/vAFgAB2BJAAMwTtAFUCtf+LBTAAjARpACsEpv7WBPsAqQR9AIwFPwCpBIMAXwU/AKkEgwBfBbQAqQRoAIwFBACpBA4AjQUEAKkEDgCNBE4AqQHxAIYG/ACpBwMAiwW0AKkEagCMBYAAdgUMAKkEfQCMBO0AqAK1AIIEvwBQBCAAXwTGADECnQAJBTAAjAUXABwD4AAhBRcAHAPgACEHGQA9BgMAKwTKAFYD9wBYBcb+MgSFABMEIv9jBR//gAIk/4QExf/VBGf/GwT8/+4EhQATBFAAigPmAIoEIwBHBOMAigHoAJcEVACKBgIAigTjAIoEuwBgBFwAigQmACgEKwANBFQAJgHo/7MEKwANA+YAigOvAIoEIABDAegAlwHo/7MDzwArBFQAigQfACIEhQATBFAAigOvAIoD5gCKBOwAigYCAIoE4wCKBLsAYATOAIoEXACKBHwAYAQmACgEVAAmBD8ARwTjAIoEfABgBCsADQXDAAIE7ACKBB8AIgVnAGAFtwCXBjkACQS7AGAEIABDBhUAMQYVADEGFQAxBCsADQU4ABwEWgBtBIwAqQQ9AF0EhQATA+YAigH6AIUAAQAAB2z+DAAACUn6G/5KCTAAAQAAAAAAAAAAAAAAAAAABQ4AAwSGAZAABQAABZoFMwAAAR8FmgUzAAAD0QBmAgAAAAIAAAAAAAAAAADgAAL/UAAgWwAAACAAAAAAR09PRwBAAAD//QYA/gAAZgeaAgAgAAGfAAAAAAQ6BbAAIAAgAAMAAAABAAAFEAkKBAAAAgICAwYFBwYCAwMEBQICAgQFBQUFBQUFBQUFAgIFBQUECAYGBgYFBQYGAgUGBQgGBgYGBgUFBgYIBgUFAgQCBAQDBQUFBQUDBQUCAgUCCAUFBQUDBQMFBAcEBAQDAgMGAgUFBgUCBgQHBAQFBwQDBQMDAwUEAgIDBAQHBwcECAUGBQUIBQUFBQUGAgUFAgYFCQgCBgMGBQYGAgUEBAQEAgMCBAMDAAAAAAAAAgUCBQYGBgUGBQYGBgUFBQUFBQUFAwUEBQUFBQUFBgYHBQUHBwYKCgcGBgcIBQYGBgcHBggJBwgGBggGBQUEBQcFBQUFBwUFBAcFBQcHBgcFBQcFBQUICAUFCAcFCAcFBQgHCAcKCQUEBgUGBQYFCAcIBwYFBgAAAAAAAAcGBQYFBQQFBQkHBgUGBQcGBwUJBgkIBwUGBQgGBgUGBQYHBQYFBwYGBQcGCAcGBQUFBAYFBgcIBwYFBQkHCQcGBQYGBgcGBAUJBQkDAgIFAgIBAQACAgYHBAICAgIDAwMFBQMEBgIJAwMEAwQFBwcKBwcFBwUFBgYHBAkGBgcICAcFBgUFBQkCBQUFBQUDAwIGBQUICAYHAAkJAwMDBQUFBQUFBQUFBQUFBQcFBQUFBQUFBQYHBAUEAgYFBAUFBAQFBQUEBQQGBgYGBQgIBgUFBgcFBgUFBQYFBwgGBwUFBwUFBwUGBgYFBQcFBQYFBQUFBAkFAwMDAwMDAwQDBAUFBgYFBgUFBQUFAgQABAQFBAQEBAMDAwMDAwMGBgYHBwQFBQUFBQQCBwUCBQUFBQUFBQUFBQICAgICBQYFBQUFBQUFBQUFBAUEBwQFBgYCAgYGBQUDBgYGBgYGBgYFBQUFAgICAgYGBgYGBgYGBgYFBQUFBQUFBQUFBQUFAgICAgUFBQUFBQUFBQUEBAYFBgUGBQYFBgUGBQYFBgYFBQUFBQUFBQUFBgUGBQYFBgUGBQICAgICAgICAgcEBQIGBQUCBQIFAwUDBgUGBQYFBQYFBgUGBQYDBgMGAwUFBQUFBQUFBQUFAwUDBQMGBQYFBgUGBQYFBgUIBwUEBQUEBQQFBAgIBgUFBQUFBQUFBQUFBQQEBAQCAgICBgUFBQUFBQUFBQUFBQUFBQUFBQQEBAQEBQUFBQYCAgICAgQFBAQEBAYGBgUFBQUFBQUFBQUFBQUFBQUFBQUHBQUFBQUGBQYCBgYGAwYGBQUGAgYIBgYGBQUGAgUFBQUDBQUFBQQEAwUFBQcFBQUCAgUGBgYGBgUFBggGBgYGBgUGBQUFBQUFBAQFBAUCAgIFBAgHCAcIBwUEAgMFAgIICAYFBQYFBQYGBgUJCgUFBgUFBQIIBwIGBQYFCAgFBQYFBQgHBQUGBQYFBgUGBQYFBgUGBAYEBgQGBQgHBQYFBgUGBQYFBgUGBQYFBgUGBQYFBgUGBQUFBQUFBQUFBQUFBQUFBQUCAgICBgUGBQYFBgUGBQYFBgUGBQYFBgUGBQYFBgUGBQYGBgYGBgYGBgYFBAUEBQQFBQQGBQUEBwUFBgYFBAYFBQUGBAUFBwUFBQUFBQUFBgUGBQYFBQUCAgYFBgMGBQUGBQYFBgUGBQYFBgUFAggIBgUGBgUGAwUFBQMGBgQGBAgHBQQHBQUGAgUFBgUFBAUGAgUHBgUFBQUFAgUEBAUCAgQFBQUFBAQGBwYFBQUFBQUFBgUFBgYFBgYHBQUHBwcFBgUFBQUEAgAAAAMAAAADAAAAHAADAAEAAAAcAAMACgAABooABAZuAAAA9ACAAAYAdAAAAAIADQB+AKAArACtAL8AxgDPAOYA7wD+AQ8BEQElAScBMAFTAV8BZwF+AX8BjwGSAaEBsAHwAf8CGwI3AlkCvALHAskC3QLzAwEDAwMJAw8DIwOKA4wDkgOhA7ADuQPJA84D0gPWBCUELwRFBE8EYgRvBHkEhgSfBKkEsQS6BM4E1wThBPUFAQUQBRMeAR4/HoUe8R7zHvkfTSAJIAsgESAVIB4gIiAnIDAgMyA6IDwgRCB0IH8gpCCqIKwgsSC6IL0hBSETIRYhIiEmIS4hXiICIgYiDyISIhoiHiIrIkgiYCJlJcruAvbD+wT+///9//8AAAAAAAIADQAgAKAAoQCtAK4AwADHANAA5wDwAP8BEAESASYBKAExAVQBYAFoAX8BjwGSAaABrwHwAfoCGAI3AlkCvALGAskC2ALzAwADAwMJAw8DIwOEA4wDjgOTA6MDsQO6A8oD0QPWBAAEJgQwBEYEUARjBHAEegSIBKAEqgSyBLsEzwTYBOIE9gUCBREeAB4+HoAeoB7yHvQfTSAAIAogECATIBcgICAlIDAgMiA5IDwgRCB0IH8goyCmIKsgsSC5ILwhBSETIRYhIiEmIS4hWyICIgYiDyIRIhoiHiIrIkgiYCJkJcruAfbD+wH+///8//8AAQAA//b/5AHY/8IBzP/BAAABvwAAAboAAAG2AAABtAAAAbIAAAGqAAABrP8W/wf/Bf74/usB7gAAAAD+Zf5EASP92P3X/cn9tP2o/af9ov2d/YoAAP/+//0AAAAA/QoAAP/e/P78+wAA/LoAAPyyAAD8pwAA/KEAAPyZAAD8kQAA/ygAAP8lAAD8XgAA5eLlouVT5X7k5+V85X3hcuFz4W8AAOFs4WvhaeFh46nhWeOh4VDhIeEXAADg8gAA4O3g5uDl4J7gkeCP4ITflOB54E3fqt6s357fnd+W35Pfh99r31TfUdvtE7cK9wa7AsMBxwABAAAAAAAAAAAAAAAAAAAAAADkAAAA7gAAARgAAAEyAAABMgAAATIAAAF0AAAAAAAAAAAAAAAAAAABdAF+AAAAAAAAAAAAAAAAAAAAAAAAAAAAAAAAAWwAAAAAAXQBkAAAAagAAAAAAAABwAAAAggAAAIwAAACUgAAAmIAAAKOAAACmgAAAr4AAALOAAAC4gAAAAAAAAAAAAAAAAAAAAAAAAAAAtIAAAAAAAAAAAAAAAAAAAAAAAAAAALCAAACwgAAAAAAAAAAAAAAAAAAAAAAAAAAAAAAAAAAAAAAAAAAAAAAAAAAAAAAAAAAAAAAAAAAAAAAAAJ/AoACgQKCAoMChACBAnsCjwKQApECkgKTApQAggCDApUClgKXApgCmQCEAIUCmgKbApwCnQKeAp8AhgCHAqoCqwKsAq0CrgKvAIgAiQKwArECsgKzArQAigJ6AIsAjAJ8AI0C4wLkAuUC5gLnAugAjgLpAuoC6wLsAu0C7gLvAvAAjwCQAvEC8gLzAvQC9QL2AvcAkQCSAvgC+QL6AvsC/AL9AJMAlAMMAw0DEAMRAxIDEwJ9An4ChQKgAysDLAMtAy4DCgMLAw4DDwCuAK8DhgCwA4cDiAOJALEAsgOQA5EDkgCzA5MDlAC0A5UDlgC1A5cAtgOYALcDmQOaALgDmwC5ALoDnAOdA54DnwOgA6EDogOjAMQDpQOmAMUDpADGAMcAyADJAMoAywDMA6cAzQDOA+QDrQDSA64A0wOvA7ADsQOyANQA1QDWA7QD5QO1ANcDtgDYA7cDuADZA7kA2gDbANwDugOzAN0DuwO8A70DvgO/A8ADwQDeAN8DwgPDAOoA6wDsAO0DxADuAO8A8APFAPEA8gDzAPQDxgD1A8cDyAD2A8kA9wPKA+YDywECA8wBAwPNA84DzwPQAQQBBQEGA9ED5wPSAQcBCAEJBIED6APpARcBGAEZARoD6gPrA+0D7AEoASkBKgErBIABLAEtAS4BLwEwBIIEgwExATIBMwE0A+4D7wE1ATYBNwE4BIQEhQPwA/EEdwR4A/ID8wSGBIcEfwFMAU0EfQR+A/QD9QP2AU4BTwFQAVEBUgFTAVQBVQR5BHoBVgFXAVgEAQQABAIEAwQEBAUEBgFZAVoEewR8BBsEHAFbAVwBXQFeBIgEiQFfBB0EigFvAXABgQGCBIwEiwGXBHYBnQAMAAAAAAu8AAAAAAAAAPkAAAAAAAAAAAAAAAEAAAACAAAAAgAAAAIAAAANAAAADQAAAAMAAAAgAAAAfgAAAAQAAACgAAAAoAAAAngAAAChAAAArAAAAGMAAACtAAAArQAAAnkAAACuAAAAvwAAAG8AAADAAAAAxQAAAn8AAADGAAAAxgAAAIEAAADHAAAAzwAAAoYAAADQAAAA0AAAAnsAAADRAAAA1gAAAo8AAADXAAAA2AAAAIIAAADZAAAA3QAAApUAAADeAAAA3wAAAIQAAADgAAAA5QAAApoAAADmAAAA5gAAAIYAAADnAAAA7wAAAqEAAADwAAAA8AAAAIcAAADxAAAA9gAAAqoAAAD3AAAA+AAAAIgAAAD5AAAA/QAAArAAAAD+AAAA/gAAAIoAAAD/AAABDwAAArUAAAEQAAABEAAAAnoAAAERAAABEQAAAIsAAAESAAABJQAAAsYAAAEmAAABJgAAAIwAAAEnAAABJwAAAnwAAAEoAAABMAAAAtoAAAExAAABMQAAAI0AAAEyAAABNwAAAuMAAAE4AAABOAAAAI4AAAE5AAABQAAAAukAAAFBAAABQgAAAI8AAAFDAAABSQAAAvEAAAFKAAABSwAAAJEAAAFMAAABUQAAAvgAAAFSAAABUwAAAJMAAAFUAAABXwAAAv4AAAFgAAABYQAAAwwAAAFiAAABZQAAAxAAAAFmAAABZwAAAn0AAAFoAAABfgAAAxQAAAF/AAABfwAAAJUAAAGPAAABjwAAAJYAAAGSAAABkgAAAJcAAAGgAAABoQAAAJgAAAGvAAABsAAAAJoAAAHwAAAB8AAAA94AAAH6AAAB+gAAAoUAAAH7AAAB+wAAAqAAAAH8AAAB/wAAAysAAAIYAAACGQAAAwoAAAIaAAACGwAAAw4AAAI3AAACNwAAAJwAAAJZAAACWQAAAJ0AAAK8AAACvAAAA98AAALGAAACxwAAAJ4AAALJAAACyQAAAKAAAALYAAAC3QAAAKEAAALzAAAC8wAAAKcAAAMAAAADAQAAAKgAAAMDAAADAwAAAKoAAAMJAAADCQAAAKsAAAMPAAADDwAAAKwAAAMjAAADIwAAAK0AAAOEAAADhQAAAK4AAAOGAAADhgAAA4YAAAOHAAADhwAAALAAAAOIAAADigAAA4cAAAOMAAADjAAAA4oAAAOOAAADkgAAA4sAAAOTAAADlAAAALEAAAOVAAADlwAAA5AAAAOYAAADmAAAALMAAAOZAAADmgAAA5MAAAObAAADmwAAALQAAAOcAAADnQAAA5UAAAOeAAADngAAALUAAAOfAAADnwAAA5cAAAOgAAADoAAAALYAAAOhAAADoQAAA5gAAAOjAAADowAAALcAAAOkAAADpQAAA5kAAAOmAAADpgAAALgAAAOnAAADpwAAA5sAAAOoAAADqQAAALkAAAOqAAADsAAAA5wAAAOxAAADuQAAALsAAAO6AAADugAAA6MAAAO7AAADuwAAAMQAAAO8AAADvQAAA6UAAAO+AAADvgAAAMUAAAO/AAADvwAAA6QAAAPAAAADxgAAAMYAAAPHAAADxwAAA6cAAAPIAAADyQAAAM0AAAPKAAADzgAAA6gAAAPRAAAD0gAAAM8AAAPWAAAD1gAAANEAAAQAAAAEAAAAA+QAAAQBAAAEAQAAA60AAAQCAAAEAgAAANIAAAQDAAAEAwAAA64AAAQEAAAEBAAAANMAAAQFAAAECAAAA68AAAQJAAAECwAAANQAAAQMAAAEDAAAA7QAAAQNAAAEDQAAA+UAAAQOAAAEDgAAA7UAAAQPAAAEDwAAANcAAAQQAAAEEAAAA7YAAAQRAAAEEQAAANgAAAQSAAAEEwAAA7cAAAQUAAAEFAAAANkAAAQVAAAEFQAAA7kAAAQWAAAEGAAAANoAAAQZAAAEGQAAA7oAAAQaAAAEGgAAA7MAAAQbAAAEGwAAAN0AAAQcAAAEIgAAA7sAAAQjAAAEJAAAAN4AAAQlAAAEJQAAA8IAAAQmAAAELwAAAOAAAAQwAAAEMAAAA8MAAAQxAAAENAAAAOoAAAQ1AAAENQAAA8QAAAQ2AAAEOAAAAO4AAAQ5AAAEOQAAA8UAAAQ6AAAEPQAAAPEAAAQ+AAAEPgAAA8YAAAQ/AAAEPwAAAPUAAARAAAAEQQAAA8cAAARCAAAEQgAAAPYAAARDAAAEQwAAA8kAAAREAAAERAAAAPcAAARFAAAERQAAA8oAAARGAAAETwAAAPgAAARQAAAEUAAAA+YAAARRAAAEUQAAA8sAAARSAAAEUgAAAQIAAARTAAAEUwAAA8wAAARUAAAEVAAAAQMAAARVAAAEWAAAA80AAARZAAAEWwAAAQQAAARcAAAEXAAAA9EAAARdAAAEXQAAA+cAAAReAAAEXgAAA9IAAARfAAAEYQAAAQcAAARiAAAEYgAABIEAAARjAAAEbwAAAQoAAARwAAAEcQAAA+gAAARyAAAEdQAAARcAAAR2AAAEdwAAA+oAAAR4AAAEeAAAA+0AAAR5AAAEeQAAA+wAAAR6AAAEhgAAARsAAASIAAAEiwAAASgAAASMAAAEjAAABIAAAASNAAAEkQAAASwAAASSAAAEkwAABIIAAASUAAAElwAAATEAAASYAAAEmQAAA+4AAASaAAAEnQAAATUAAASeAAAEnwAABIQAAASgAAAEqQAAATkAAASqAAAEqwAAA/AAAASsAAAErQAABHcAAASuAAAErwAAA/IAAASwAAAEsQAABIYAAASyAAAEugAAAUMAAAS7AAAEuwAABH8AAAS8AAAEvQAAAUwAAAS+AAAEvwAABH0AAATAAAAEwgAAA/QAAATDAAAEygAAAU4AAATLAAAEzAAABHkAAATNAAAEzgAAAVYAAATPAAAE1wAAA/cAAATYAAAE2AAAAVgAAATZAAAE2QAABAEAAATaAAAE2gAABAAAAATbAAAE3wAABAIAAATgAAAE4QAAAVkAAATiAAAE9QAABAcAAAT2AAAE9wAABHsAAAT4AAAE+QAABBsAAAT6AAAE/QAAAVsAAAT+AAAE/wAABIgAAAUAAAAFAAAAAV8AAAUBAAAFAQAABB0AAAUCAAAFEAAAAWAAAAURAAAFEQAABIoAAAUSAAAFEwAAAW8AAB4AAAAeAQAAA+IAAB4+AAAePwAAA+AAAB6AAAAehQAAA9MAAB6gAAAe8QAABB4AAB7yAAAe8wAAA9kAAB70AAAe+QAABHAAAB9NAAAfTQAABMoAACAAAAAgCQAAAXIAACAKAAAgCwAAAX0AACAQAAAgEQAAAX8AACATAAAgFAAAAYEAACAVAAAgFQAABIwAACAXAAAgHgAAAYMAACAgAAAgIgAAAYsAACAlAAAgJwAAAY4AACAwAAAgMAAAAZEAACAyAAAgMwAAA9sAACA5AAAgOgAAAZIAACA8AAAgPAAAA90AACBEAAAgRAAAAZQAACB0AAAgdAAAAZUAACB/AAAgfwAAAZYAACCjAAAgowAABIsAACCkAAAgpAAAAZcAACCmAAAgqgAAAZgAACCrAAAgqwAABHYAACCsAAAgrAAAAZ0AACCxAAAgsQAAAZ4AACC5AAAgugAAAZ8AACC8AAAgvQAAAaEAACEFAAAhBQAAAaMAACETAAAhEwAAAaQAACEWAAAhFgAAAaUAACEiAAAhIgAAAaYAACEmAAAhJgAAALoAACEuAAAhLgAAAacAACFbAAAhXgAAAagAACICAAAiAgAAAawAACIGAAAiBgAAALIAACIPAAAiDwAAAa0AACIRAAAiEgAAAa4AACIaAAAiGgAAAbAAACIeAAAiHgAAAbEAACIrAAAiKwAAAbIAACJIAAAiSAAAAbMAACJgAAAiYAAAAbQAACJkAAAiZQAAAbUAACXKAAAlygAAAbcAAO4BAADuAgAAAbgAAPbDAAD2wwAAAboAAPsBAAD7BAAAAbwAAP7/AAD+/wAAAcIAAP/8AAD//QAAAcMAALAALEuwCVBYsQEBjlm4Af+FsIQdsQkDX14tsAEsICBFaUSwAWAtsAIssAEqIS2wAywgRrADJUZSWCNZIIogiklkiiBGIGhhZLAEJUYgaGFkUlgjZYpZLyCwAFNYaSCwAFRYIbBAWRtpILAAVFghsEBlWVk6LbAELCBGsAQlRlJYI4pZIEYgamFksAQlRiBqYWRSWCOKWS/9LbAFLEsgsAMmUFhRWLCARBuwQERZGyEhIEWwwFBYsMBEGyFZWS2wBiwgIEVpRLABYCAgRX1pGESwAWAtsAcssAYqLbAILEsgsAMmU1iwQBuwAFmKiiCwAyZTWCMhsICKihuKI1kgsAMmU1gjIbDAioobiiNZILADJlNYIyG4AQCKihuKI1kgsAMmU1gjIbgBQIqKG4ojWSCwAyZTWLADJUW4AYBQWCMhuAGAIyEbsAMlRSMhIyFZGyFZRC2wCSxLU1hFRBshIVktsAossChFLbALLLApRS2wDCyxJwGIIIpTWLlAAAQAY7gIAIhUWLkAKAPocFkbsCNTWLAgiLgQAFRYuQAoA+hwWVlZLbANLLBAiLggAFpYsSkARBu5ACkD6ERZLbAMK7AAKwCyARACKwGyEQECKwG3ETowJRsQAAgrALcBSDsuIRQACCu3AlhIOCgUAAgrtwNSQzQlFgAIK7cEXk08KxkACCu3BTYsIhkPAAgrtwZxXUYyGwAIK7cHkXdcOiMACCu3CH5nUDkaAAgrtwlURTYmFAAIK7cKdmBLNh0ACCu3C4NkTjojAAgrtwzZsopjPAAIK7cNFBAMCQYACCu3DjwyJxwRAAgrtw9ANCkdFAAIK7cQUEEuIRQACCsAshILByuwACBFfWkYRLI/GgFzsl8aAXOyfxoBc7IvGgF0sk8aAXSybxoBdLKPGgF0sq8aAXSy/xoBdLIfGgF1sj8aAXWyXxoBdbJ/GgF1sg8eAXOyfx4Bc7LvHgFzsh8eAXSyXx4BdLKPHgF0ss8eAXSy/x4BdLI/HgF1sm8eAXWyLyABc7JvIAFzAAAAACoAnQCAAIoAeADUAGQATgBaAIcAYABWADQCPAC8ALIAjgDEAAAAFP5gABQCmwAgAyEACwQ6ABQEjQAQBbAAFAYYABUBpgARBsAADgbZAAYAAAAAAAAADQCiAAMAAQQJAAAAXgAAAAMAAQQJAAEADABeAAMAAQQJAAIADgBqAAMAAQQJAAMADABeAAMAAQQJAAQADABeAAMAAQQJAAUAJgB4AAMAAQQJAAYAHACeAAMAAQQJAAcAQAC6AAMAAQQJAAkADAD6AAMAAQQJAAsAFAEGAAMAAQQJAAwAJgEaAAMAAQQJAA0AXAFAAAMAAQQJAA4AVAGcAEMAbwBwAHkAcgBpAGcAaAB0ACAAMgAwADEAMQAgAEcAbwBvAGcAbABlACAASQBuAGMALgAgAEEAbABsACAAUgBpAGcAaAB0AHMAIABSAGUAcwBlAHIAdgBlAGQALgBSAG8AYgBvAHQAbwBSAGUAZwB1AGwAYQByAFYAZQByAHMAaQBvAG4AIAAyAC4AMQAzADcAOwAgADIAMAAxADcAUgBvAGIAbwB0AG8ALQBSAGUAZwB1AGwAYQByAFIAbwBiAG8AdABvACAAaQBzACAAYQAgAHQAcgBhAGQAZQBtAGEAcgBrACAAbwBmACAARwBvAG8AZwBsAGUALgBHAG8AbwBnAGwAZQBHAG8AbwBnAGwAZQAuAGMAbwBtAEMAaAByAGkAcwB0AGkAYQBuACAAUgBvAGIAZQByAHQAcwBvAG4ATABpAGMAZQBuAHMAZQBkACAAdQBuAGQAZQByACAAdABoAGUAIABBAHAAYQBjAGgAZQAgAEwAaQBjAGUAbgBzAGUALAAgAFYAZQByAHMAaQBvAG4AIAAyAC4AMABoAHQAdABwADoALwAvAHcAdwB3AC4AYQBwAGEAYwBoAGUALgBvAHIAZwAvAGwAaQBjAGUAbgBzAGUAcwAvAEwASQBDAEUATgBTAEUALQAyAC4AMAAAAAMAAAAAAAD/agBkAAAAAAAAAAAAAAAAAAAAAAAAAAAAAQACAAgAAv//AA8AAQACAA4AAAAAAAACKAACAFkAJQA+AAEARQBeAAEAeQB5AAEAgQCBAAEAgwCDAAEAhgCGAAEAiQCJAAEAiwCWAAEAmACdAAEApACkAAEAqACtAAMAsQCxAAEAugC7AAEAvwC/AAEAwQDBAAEAwwDDAAEAxwDHAAEAywDLAAEAzQDOAAEA0ADRAAEA0wDTAAEA2gDeAAEA4QDhAAEA5QDlAAEA5wDpAAEA6wD7AAEA/QD9AAEA/wEBAAEBAwEDAAEBCAEJAAEBFgEaAAEBHAEcAAEBIAEiAAEBJAElAAMBKgErAAEBMwE0AAEBNgE2AAEBOwE8AAEBQQFEAAEBRwFIAAEBSwFNAAEBUQFRAAEBVAFYAAEBXQFeAAEBYgFiAAEBZAFkAAEBaAFoAAEBagFsAAEBbgFuAAEBcAFwAAEBugG6AAMBuwHBAAIB0gHmAAEB6gHqAAEB8wHzAAEB9QH1AAEB/AH+AAECAAIBAAECAwIDAAECBwIHAAECCQILAAECEQIRAAECFgIYAAECGgIaAAECKAIoAAECKwIrAAECLQItAAECMAIzAAECXwJjAAECegLiAAEC5QOLAAEDjQOkAAEDpgOyAAEDtAO9AAEDvwPaAAED3gPeAAED4APnAAED6QPrAAED7gPyAAED9AR8AAEEfwR/AAEEggSDAAEEhQSGAAEEiASLAAEElQTQAAEE0gTxAAEE8wT6AAEE/AT9AAEFBwUNAAEAAQACAAAADAAAACwAAQAOAKgAqACpAKkAqgCqAKsAqwCsAKwBJAElASYBJwABAAUAeQCkAK0ArQG6AAAAAQAAAAoAMgBMAARERkxUABpjeXJsABpncmVrABpsYXRuABoABAAAAAD//wACAAAAAQACY3BzcAAOa2VybgAUAAAAAQAAAAAAAQABAAIABgIQAAEAAAABAAgAAQAKAAUAJABIAAEA+gAIAAoAFAAVABYAFwAYABkAGgAbABwAHQAlACYAJwAoACkAKgArACwALQAuAC8AMAAxADIAMwA0ADUANgA3ADgAOQA6ADsAPAA9AD4AZQBnAIEAgwCEAIwAjwCRAJMAsQCyALMAtAC1ALYAtwC4ALkAugDSANMA1ADVANYA1wDYANkA2gDbANwA3QDeAN8A4ADhAOIA4wDkAOUA5gDnAOgA6QEvATMBNQE3ATkBOwFBAUMBRQFJAUsBTAFYAVkBlwGdAaIBpQJ6AnsCfQJ/AoACgQKCAoMChAKFAoYChwKIAokCigKLAowCjQKOAo8CkAKRApICkwKUApUClgKXApgCmQK2ArgCugK8Ar4CwALCAsQCxgLIAsoCzALOAtAC0gLUAtYC2ALaAtwC3gLgAuIC4wLlAucC6QLrAu0C7wLxAvMC9QL4AvoC/AL+AwADAgMEAwYDCAMKAwwDDgMQAxIDFAMWAxgDGgMcAx4DIAMiAyQDJQMnAykDKwMtA4YDhwOIA4kDigOLA4wDjgOPA5ADkQOSA5MDlAOVA5YDlwOYA5kDmgObA5wDnQOtA64DrwOwA7EDsgOzA7QDtQO2A7cDuAO5A7oDuwO8A70DvgO/A8ADwQPCA9MD1QPXA9kD7gPwA/IEBwQNBBMEfQSCBIYFBwUJAAIAAAACAAo6GAABA/IABAAAAfQHzjTGNMYH/AheNv43rjTMOcw3eghkOBg4GDe4OAI4GDgYOcw4RAwCDNA4ijlYOZQ03jaEObINRjdcOGY1jA2MODoOwjg6ODo3iDhmOHwPxDl2ECY1PDl2EEA4ZjnMEIY1xjb+Ocw2/hEIEgYTCBPqFIw5dhSSFJw4OheGGXgaahtwG4YbjBuSHowekh7MHwIfjDWgNaAhvjgYImAjXjTeJcA4GDgYNUI4GDgYOBgmljWgOBg1oChAKQYpmCn6KuA1lituNTwzRiuYLXI4ZjEAMTozJDMkOGYycDL6MyQzJDMkNv43iDlYOXYzRjhmNcY1ljTeNTw3uDe4N7g4GDTeNTw4GDgYOcw1ljTeNTw0xjNwNMY0xjTGOgg0EjRgOgI0vDnqOfA6AjnwOeo56jnqOeo0rjnwNMw5zDnMOcw5zDiKNv42/jb+Nv42/jb+Nv40zDd6N3o3ejd6OBg4GDgYOBg4GDnMOcw5zDnMOcw2hDdcN1w3XDdcN1w3XDdcNYw1jDWMNYw4OjeIN4g3iDeIN4g5djl2Nv43XDb+N1w2/jdcNMw0zDTMNMw5zDd6NYw3ejWMN3o1jDd6NYw3ejWMOBg4OjgYOBg4GDgYOBg3uDgCOAI4AjgCOBg4OjgYODo4GDg6ODo5zDeIOcw3iDnMN4g4fDh8OHw4ijiKOIo5lDaEOXY2hDmyObI5sjoCOgI6CDnwOfA58DnwOfA58DnwOgI6AjoCOgI6AjnwOfA58DoCOeo0vDS8NLw0vDoCOgI6AjoINv43ejgYOBg5zDaENv43rjd6ObI4GDgYN7g4GDgYOcw4RDiKNoQ03jgYNoQ4OjeIOXY3iDd6NcY4GDgYN7g3uDVCNv43rjXGN3o4GDgYOcw4RDTMOIo03jdcNYw3iDhmOXY1PDWMNZY5djmUOZQ5lDaEOXY0xjTGNMY4GDg6Nv43XDd6NYw5WDl2NMw2hDl2OBg03jU8OBg2/jdcNv43XDd6NYw1jDWMNN41PDnMN4g3iDhmNUI5djVCOXY1Qjl2Nv43XDb+N1w2/jdcNv43XDb+N1w2/jdcNv43XDb+N1w2/jdcNv43XDb+N1w2/jdcN3o1jDd6NYw3ejWMN3o1jDd6NYw3ejWMN3o1jDd6NYw4GDgYOcw3iDnMN4g5zDeIOcw3iDnMN4g5zDeIOcw3iDeINoQ5djaEOXY2hDl2OIo1xjWWODo1oDXGN7g2hDgYODo2/jdcN3o4GDnMN4g4fDeuOGY5zDnMOBg4Oje4N7g4AjgYODo4GDg6Ocw4RDhmOHw4ijlYOXY5WDl2OZQ5sjnMOfA6AjnwOeo6CDnqOfA6AjoIAAIApAAEAAQAAAAGAAYAAQALAAwAAgATABMABAAlACoABQAsAC0ACwAvADYADQA4ADgAFQA6AD8AFgBFAEYAHABJAEoAHgBMAEwAIABPAE8AIQBRAFQAIgBWAFYAJgBYAFgAJwBaAF0AKABfAF8ALACKAIoALQCWAJYALgCdAJ0ALwCxALUAMAC3ALkANQC7ALsAOAC9AL4AOQDAAMEAOwDDAMUAPQDHAM4AQADSANIASADUAN4ASQDgAO8AVADxAPEAZAD2APgAZQD7APwAaAD+AQAAagEDAQUAbQEKAQoAcAENAQ0AcQEYARoAcgEiASIAdQEuATAAdgEzATUAeQE3ATcAfAE5ATkAfQE7ATsAfgFDAUQAfwFUAVQAgQFWAVYAggFYAVgAgwFcAV4AhAGEAYUAhwGHAYkAiQHYAdgAjAHaAdsAjQHdAd0AjwHgAeEAkAHrAe0AkgH/Af8AlQIOAhAAlgIwAjAAmQIzAjMAmgJFAkUAmwJHAkgAnAJ6AnsAngJ9An0AoAJ/ApQAoQKZAqAAtwKiAqUAvwKqAq8AwwK0ArwAyQK+Ar4A0gLAAsAA0wLCAsIA1ALEAsQA1QLGAs8A1gLYAtoA4ALcAtwA4wLeAt4A5ALgAuAA5QLiAuIA5gLnAucA5wLpAukA6ALrAusA6QLtAu0A6gLvAu8A6wLxAv0A7AL/Av8A+QMBAwEA+gMDAwMA+wMOAw4A/AMQAxAA/QMSAxIA/gMgAyAA/wMiAyUBAAMnAycBBAMpAykBBQMvAzgBBgNDA0cBEANNA08BFQNUA1QBGANlA2kBGQNtA28BHgN4A3gBIQOGA4sBIgOOA50BKAOgA6ABOAOkA6QBOQOmA6YBOgOqA6oBOwOtA64BPAOwA7EBPgOzA7kBQAO7A70BRwO/A8QBSgPGA8cBUAPJA8wBUgPSA9MBVgPVA9UBWAPXA9cBWQPZA9wBWgPfA+QBXgPmA+YBZAPqA+sBZQPwA/ABZwPyA/sBaAP+A/8BcgQBBAQBdAQLBAwBeAQQBBABegQSBBgBewQeBEYBggRIBEgBqwRKBFcBrARfBF8BugRwBHUBuwR3BHcBwQR7BHwBwgR/BH8BxASBBIIBxQSEBIQBxwSGBIYByASXBJsByQSdBJ0BzgSfBKABzwSiBKIB0QSmBKgB0gSqBKoB1QSsBK4B1gSwBLAB2QSyBLIB2gS0BLoB2wS8BLwB4gS/BL8B4wTCBMYB5ATIBMgB6QTKBMsB6gTPBM8B7ATSBNIB7QTYBNgB7gTdBN0B7wToBOgB8ATqBOoB8QTxBPEB8gT1BPUB8wALADj/2ADS/9gA1v/YATn/2AFF/9gDDv/YAxD/2AMS/9gDwf/YBHf/2AS//9gAGAA6ABQAOwASAD0AFgEZABQCmQAWAyAAEgMiABYDJAAWA4sAFgOaABYDnQAWA9MAEgPVABID1wASA9kAFgPqABQD8gAWBHAAFgRyABYEdAAWBIYAFgTCABQExAAUBMYAEgABABP/IADnABD/FgAS/xYAJf9WAC7++AA4ABQARf/eAEf/6wBI/+sASf/rAEv/6wBT/+sAVf/rAFb/5gBZ/+oAWv/oAF3/6ACU/+sAmf/rAJv/6gCy/1YAtP9WALv/6wC9/+gAyP/rAMn/6wDL/+oA0gAUANYAFAD3/+sBA//rAQ3/VgEY/+sBGv/oAR7/6wEi/+sBOQAUAUL/6wFFABQBYP/rAWH/6wFr/+sBhv8WAYr/FgGO/xYBj/8WAev/wAHt/8ACM//AAn//VgKA/1YCgf9WAoL/VgKD/1YChP9WAoX/VgKa/94Cm//eApz/3gKd/94Cnv/eAp//3gKg/94Cof/rAqL/6wKj/+sCpP/rAqX/6wKr/+sCrP/rAq3/6wKu/+sCr//rArD/6gKx/+oCsv/qArP/6gK0/+gCtf/oArb/VgK3/94CuP9WArn/3gK6/1YCu//eAr3/6wK//+sCwf/rAsP/6wLF/+sCx//rAsn/6wLL/+sCzf/rAs//6wLR/+sC0//rAtX/6wLX/+sC5f74Avn/6wL7/+sC/f/rAw4AFAMQABQDEgAUAxX/6gMX/+oDGf/qAxv/6gMd/+oDH//qAyP/6AMy/8ADM//AAzT/wAM1/8ADNv/AAzf/wAM4/8ADTf/AA07/wANP/8ADhv9WA47/VgOe/+sDov/qA6T/6wOm/+gDqf/qA6r/6wOr/+oDsv74A7b/VgPBABQDw//eA8T/6wPG/+sDyP/rA8n/6APL/+sD0v/oA9r/6APi/1YD4//eA+b/6wPr/+gD7P/rA/H/6wPz/+gD+P9WA/n/3gP6/1YD+//eA///6wQB/+sEAv/rBAz/6wQO/+sEEP/rBBT/6AQW/+gEGP/oBB3/6wQe/1YEH//eBCD/VgQh/94EIv9WBCP/3gQk/1YEJf/eBCb/VgQn/94EKP9WBCn/3gQq/1YEK//eBCz/VgQt/94ELv9WBC//3gQw/1YEMf/eBDL/VgQz/94ENP9WBDX/3gQ3/+sEOf/rBDv/6wQ9/+sEP//rBEH/6wRD/+sERf/rBEv/6wRN/+sET//rBFH/6wRT/+sEVf/rBFf/6wRZ/+sEW//rBF3/6wRf/+sEYf/rBGP/6gRl/+oEZ//qBGn/6gRr/+oEbf/qBG//6gRx/+gEc//oBHX/6AR3ABQEmf9WBJr/3gSc/+sEoP/rBKT/6gSp/+sEq//rBL8AFATD/+gExf/oBMv/wATS/8AE6v/AADMAOP/VADr/5AA7/+wAPf/dANL/1QDW/9UBGf/kATn/1QFF/9UB6wAOAe0ADgIzAA4Cmf/dAw7/1QMQ/9UDEv/VAyD/7AMi/90DJP/dAzIADgMzAA4DNAAOAzUADgM2AA4DNwAOAzgADgNNAA4DTgAOA08ADgOL/90Dmv/dA53/3QPB/9UD0//sA9X/7APX/+wD2f/dA+r/5APy/90EcP/dBHL/3QR0/90Ed//VBIb/3QS//9UEwv/kBMT/5ATG/+wEywAOBNIADgTqAA4AHQA4/7AAOv/tAD3/0ADS/7AA1v+wARn/7QE5/7ABRf+wApn/0AMO/7ADEP+wAxL/sAMi/9ADJP/QA4v/0AOa/9ADnf/QA8H/sAPZ/9AD6v/tA/L/0ARw/9AEcv/QBHT/0AR3/7AEhv/QBL//sATC/+0ExP/tABEALv/uADn/7gKV/+4Clv/uApf/7gKY/+4C5f/uAxT/7gMW/+4DGP/uAxr/7gMc/+4DHv/uA7L/7gRi/+4EZP/uBMH/7gBNAAYAEAALABAADQAUAEEAEgBH/+gASP/oAEn/6ABL/+gAVf/oAGEAEwCU/+gAmf/oALv/6ADI/+gAyf/oAPf/6AED/+gBHv/oASL/6AFC/+gBYP/oAWH/6AFr/+gBhAAQAYUAEAGHABABiAAQAYkAEAKh/+gCov/oAqP/6AKk/+gCpf/oAr3/6AK//+gCwf/oAsP/6ALF/+gCx//oAsn/6ALL/+gCzf/oAs//6ALR/+gC0//oAtX/6ALX/+gDnv/oA8T/6API/+gDy//oA9sAEAPcABAD3wAQA+b/6APs/+gD8f/oA///6AQB/+gEAv/oBA7/6AQd/+gEN//oBDn/6AQ7/+gEPf/oBD//6ARB/+gEQ//oBEX/6ARZ/+gEW//oBF3/6ARh/+gEnP/oBKn/6ASr/+gAQABH/+wASP/sAEn/7ABL/+wAVf/sAJT/7ACZ/+wAu//sAMj/7ADJ/+wA9//sAQP/7AEe/+wBIv/sAUL/7AFg/+wBYf/sAWv/7AKh/+wCov/sAqP/7AKk/+wCpf/sAr3/7AK//+wCwf/sAsP/7ALF/+wCx//sAsn/7ALL/+wCzf/sAs//7ALR/+wC0//sAtX/7ALX/+wDnv/sA8T/7API/+wDy//sA+b/7APs/+wD8f/sA///7AQB/+wEAv/sBA7/7AQd/+wEN//sBDn/7AQ7/+wEPf/sBD//7ARB/+wEQ//sBEX/7ARZ/+wEW//sBF3/7ARh/+wEnP/sBKn/7ASr/+wAGABT/+wBGP/sAqv/7AKs/+wCrf/sAq7/7AKv/+wC+f/sAvv/7AL9/+wDpP/sA6r/7APG/+wEDP/sBBD/7ARL/+wETf/sBE//7ARR/+wEU//sBFX/7ARX/+wEX//sBKD/7AAGABD/hAAS/4QBhv+EAYr/hAGO/4QBj/+EABEALv/sADn/7AKV/+wClv/sApf/7AKY/+wC5f/sAxT/7AMW/+wDGP/sAxr/7AMc/+wDHv/sA7L/7ARi/+wEZP/sBMH/7AAgAAb/8gAL//IAWv/zAF3/8wC9//MA9v/1ARr/8wGE//IBhf/yAYf/8gGI//IBif/yArT/8wK1//MDI//zA6b/8wPJ//MD0v/zA9r/8wPb//ID3P/yA9//8gPr//MD8//zBBT/8wQW//MEGP/zBHH/8wRz//MEdf/zBMP/8wTF//MAPwAn//MAK//zADP/8wA1//MAg//zAJP/8wCY//MAs//zAMQADQDT//MBCP/zARf/8wEb//MBHf/zAR//8wEh//MBQf/zAWr/8wJF//MCRv/zAkj/8wJJ//MChv/zApD/8wKR//MCkv/zApP/8wKU//MCvP/zAr7/8wLA//MCwv/zAtD/8wLS//MC1P/zAtb/8wL4//MC+v/zAvz/8wMt//MDiv/zA5f/8wO9//MDwP/zA+3/8wPw//MEC//zBA3/8wQP//MESv/zBEz/8wRO//MEUP/zBFL/8wRU//MEVv/zBFj/8wRa//MEXP/zBF7/8wRg//MEn//zBLj/8wBAACf/5gAr/+YAM//mADX/5gCD/+YAk//mAJj/5gCz/+YAuP/CAMQAEADT/+YBCP/mARf/5gEb/+YBHf/mAR//5gEh/+YBQf/mAWr/5gJF/+YCRv/mAkj/5gJJ/+YChv/mApD/5gKR/+YCkv/mApP/5gKU/+YCvP/mAr7/5gLA/+YCwv/mAtD/5gLS/+YC1P/mAtb/5gL4/+YC+v/mAvz/5gMt/+YDiv/mA5f/5gO9/+YDwP/mA+3/5gPw/+YEC//mBA3/5gQP/+YESv/mBEz/5gRO/+YEUP/mBFL/5gRU/+YEVv/mBFj/5gRa/+YEXP/mBF7/5gRg/+YEn//mBLj/5gA4ACX/5AA8/9IAPf/TALL/5AC0/+QAxP/iANr/0gEN/+QBM//SAUP/0gFd/9ICf//kAoD/5AKB/+QCgv/kAoP/5AKE/+QChf/kApn/0wK2/+QCuP/kArr/5AMi/9MDJP/TA4b/5AOL/9MDjv/kA5r/0wOb/9IDnf/TA7b/5APC/9ID2f/TA+L/5APy/9MD9f/SA/j/5AP6/+QEA//SBB7/5AQg/+QEIv/kBCT/5AQm/+QEKP/kBCr/5AQs/+QELv/kBDD/5AQy/+QENP/kBHD/0wRy/9MEdP/TBIb/0wSZ/+QAKAAQ/x4AEv8eACX/zQCy/80AtP/NAMf/8gEN/80Bhv8eAYr/HgGO/x4Bj/8eAn//zQKA/80Cgf/NAoL/zQKD/80ChP/NAoX/zQK2/80CuP/NArr/zQOG/80Djv/NA7b/zQPi/80D+P/NA/r/zQQe/80EIP/NBCL/zQQk/80EJv/NBCj/zQQq/80ELP/NBC7/zQQw/80EMv/NBDT/zQSZ/80AAQDEAA4AAgDK/+0A9v/AALoAR//cAEj/3ABJ/9wAS//cAFH/8wBS//MAU//WAFT/8wBV/9wAWf/dAFr/4QBd/+EAlP/cAJn/3ACb/90Au//cAL3/4QC+/+4Av//mAMH/8wDC/+sAw//pAMX/8ADG/+cAyP/cAMn/3ADK/+MAy//dAMz/zgDN/9QAzv/bAOz/8wDw//MA8f/zAPP/8wD0//MA9f/zAPf/3AD4//MA+v/zAPv/8wD+//MBAP/zAQP/3AEF//MBGP/WARr/4QEe/9wBIv/cASv/8wE2//MBPP/zAT7/8wFC/9wBU//zAVX/8wFX//MBXP/zAWD/3AFh/9wBa//cAqH/3AKi/9wCo//cAqT/3AKl/9wCqv/zAqv/1gKs/9YCrf/WAq7/1gKv/9YCsP/dArH/3QKy/90Cs//dArT/4QK1/+ECvf/cAr//3ALB/9wCw//cAsX/3ALH/9wCyf/cAsv/3ALN/9wCz//cAtH/3ALT/9wC1f/cAtf/3ALy//MC9P/zAvb/8wL3//MC+f/WAvv/1gL9/9YDFf/dAxf/3QMZ/90DG//dAx3/3QMf/90DI//hA57/3AOg//MDov/dA6T/1gOm/+EDqf/dA6r/1gOr/90DxP/cA8X/8wPG/9YDx//zA8j/3APJ/+EDy//cA8z/8wPR//MD0v/hA9r/4QPh//MD5v/cA+f/8wPr/+ED7P/cA/H/3APz/+ED///cBAH/3AQC/9wECP/zBAr/8wQM/9YEDv/cBBD/1gQU/+EEFv/hBBj/4QQc//MEHf/cBDf/3AQ5/9wEO//cBD3/3AQ//9wEQf/cBEP/3ARF/9wES//WBE3/1gRP/9YEUf/WBFP/1gRV/9YEV//WBFn/3ARb/9wEXf/cBF//1gRh/9wEY//dBGX/3QRn/90Eaf/dBGv/3QRt/90Eb//dBHH/4QRz/+EEdf/hBHz/8wSY//MEnP/cBKD/1gSk/90Eqf/cBKv/3AS1//MEt//zBMP/4QTF/+EAfAAG/9oAC//aAEf/8ABI//AASf/wAEv/8ABV//AAWf/vAFr/3ABd/9wAlP/wAJn/8ACb/+8Au//wAL3/3ADC/+wAxAAPAMb/6gDI//AAyf/wAMr/xADL/+8AzP/nAPf/8AED//ABGv/cAR7/8AEi//ABQv/wAWD/8AFh//ABa//wAYT/2gGF/9oBh//aAYj/2gGJ/9oCof/wAqL/8AKj//ACpP/wAqX/8AKw/+8Csf/vArL/7wKz/+8CtP/cArX/3AK9//ACv//wAsH/8ALD//ACxf/wAsf/8ALJ//ACy//wAs3/8ALP//AC0f/wAtP/8ALV//AC1//wAxX/7wMX/+8DGf/vAxv/7wMd/+8DH//vAyP/3AOe//ADov/vA6b/3AOp/+8Dq//vA8T/8API//ADyf/cA8v/8APS/9wD2v/cA9v/2gPc/9oD3//aA+b/8APr/9wD7P/wA/H/8APz/9wD///wBAH/8AQC//AEDv/wBBT/3AQW/9wEGP/cBB3/8AQ3//AEOf/wBDv/8AQ9//AEP//wBEH/8ARD//AERf/wBFn/8ARb//AEXf/wBGH/8ARj/+8EZf/vBGf/7wRp/+8Ea//vBG3/7wRv/+8Ecf/cBHP/3AR1/9wEnP/wBKT/7wSp//AEq//wBMP/3ATF/9wAPAAG/6AAC/+gAEr/6QBZ//EAWv/FAF3/xQCb//EAvf/FAML/7gDEABAAxv/sAMr/IADL//EBGv/FAYT/oAGF/6ABh/+gAYj/oAGJ/6ACsP/xArH/8QKy//ECs//xArT/xQK1/8UDFf/xAxf/8QMZ//EDG//xAx3/8QMf//EDI//FA6L/8QOm/8UDqf/xA6v/8QPJ/8UD0v/FA9r/xQPb/6AD3P+gA9//oAPr/8UD8//FBBT/xQQW/8UEGP/FBGP/8QRl//EEZ//xBGn/8QRr//EEbf/xBG//8QRx/8UEc//FBHX/xQSk//EEw//FBMX/xQBBAEf/5wBI/+cASf/nAEv/5wBV/+cAlP/nAJn/5wC7/+cAxAAPAMj/5wDJ/+cA9//nAQP/5wEe/+cBIv/nAUL/5wFg/+cBYf/nAWv/5wKh/+cCov/nAqP/5wKk/+cCpf/nAr3/5wK//+cCwf/nAsP/5wLF/+cCx//nAsn/5wLL/+cCzf/nAs//5wLR/+cC0//nAtX/5wLX/+cDnv/nA8T/5wPI/+cDy//nA+b/5wPs/+cD8f/nA///5wQB/+cEAv/nBA7/5wQd/+cEN//nBDn/5wQ7/+cEPf/nBD//5wRB/+cEQ//nBEX/5wRZ/+cEW//nBF3/5wRh/+cEnP/nBKn/5wSr/+cABQDK/+oA7f/uAPb/qwE6/+wBbf/sAAEA9v/VAAEAygALAL4ABgAMAAsADABH/+gASP/oAEn/6ABKAAwAS//oAFP/6gBV/+gAWgALAF0ACwCU/+gAmf/oALv/6AC9AAsAvv/tAMYACwDI/+gAyf/oAMoADAD3/+gBA//oARj/6gEaAAsBHv/oASL/6AFC/+gBYP/oAWH/6AFr/+gBhAAMAYUADAGHAAwBiAAMAYkADAHTAA0B1gANAdgADgHZ//UB2//sAd3/7QHl/+wB6/+/Aez/7QHt/78B9AAOAfX/7QH4AA4CEAAOAhH/7QISAA0CFAAOAhr/7QIx/+4CM/+/AqH/6AKi/+gCo//oAqT/6AKl/+gCq//qAqz/6gKt/+oCrv/qAq//6gK0AAsCtQALAr3/6AK//+gCwf/oAsP/6ALF/+gCx//oAsn/6ALL/+gCzf/oAs//6ALR/+gC0//oAtX/6ALX/+gC+f/qAvv/6gL9/+oDIwALAzL/vwMz/78DNP+/AzX/vwM2/78DN/+/Azj/vwM5/+0DQ//tA0T/7QNF/+0DRv/tA0f/7QNMAA0DTf+/A07/vwNP/78DUP/tA1H/7QNS/+0DU//tA1r/7QNb/+0DXP/tA13/7QNt/+0Dbv/tA2//7QNz//UDdP/1A3X/9QN2//UDeAAOA4EADQOCAA0Dnv/oA6T/6gOmAAsDqv/qA8T/6APG/+oDyP/oA8kACwPL/+gD0gALA9oACwPbAAwD3AAMA98ADAPm/+gD6wALA+z/6APx/+gD8wALA///6AQB/+gEAv/oBAz/6gQO/+gEEP/qBBQACwQWAAsEGAALBB3/6AQ3/+gEOf/oBDv/6AQ9/+gEP//oBEH/6ARD/+gERf/oBEv/6gRN/+oET//qBFH/6gRT/+oEVf/qBFf/6gRZ/+gEW//oBF3/6ARf/+oEYf/oBHEACwRzAAsEdQALBJz/6ASg/+oEqf/oBKv/6ATDAAsExQALBMv/vwTP/+0E0AANBNL/vwTeAA0E4QANBOr/vwTx/+0E9P/tBPUADgT5/+0E+gANAAEA9v/YAA4AXP/tAF7/7QDu/+0A9v+qATT/7QFE/+0BXv/tAyb/7QMo/+0DKv/tA8r/7QP2/+0EBP/tBMn/7QANAFz/8gBe//IA7v/yATT/8gFE//IBXv/yAyb/8gMo//IDKv/yA8r/8gP2//IEBP/yBMn/8gAiAFr/9ABc//IAXf/0AF7/8wC9//QA7v/yARr/9AE0//IBRP/yAV7/8gK0//QCtf/0AyP/9AMm//MDKP/zAyr/8wOm//QDyf/0A8r/8gPS//QD2v/0A+v/9APz//QD9v/yBAT/8gQU//QEFv/0BBj/9ARx//QEc//0BHX/9ATD//QExf/0BMn/8wCMAAb/ygAL/8oAOP/SADr/1AA8//QAPf/TAFH/0QBS/9EAVP/RAFr/5gBc/+8AXf/mAL3/5gDB/9EA0v/SANb/0gDa//QA3v/tAOH/4QDm/9QA7P/RAO7/7wDw/9EA8f/RAPP/0QD0/9EA9f/RAPb/yQD4/9EA+v/RAPv/0QD+/9EBAP/RAQX/0QEJ/+UBGf/UARr/5gEg/+MBK//RATP/9AE0/+8BNv/RATn/0gE6/8QBPP/RAT7/0QFD//QBRP/vAUX/0gFH/+EBSf/hAVP/0QFV/9EBV//RAVz/0QFd//QBXv/vAWL/1AFj//UBZP/nAWz/0gFt/8kBhP/KAYX/ygGH/8oBiP/KAYn/ygKZ/9MCqv/RArT/5gK1/+YC8v/RAvT/0QL2/9EC9//RAw7/0gMQ/9IDEv/SAyL/0wMj/+YDJP/TA4v/0wOa/9MDm//0A53/0wOg/9EDpv/mA7X/7QPB/9IDwv/0A8X/0QPH/9EDyf/mA8r/7wPM/9ED0f/RA9L/5gPZ/9MD2v/mA9v/ygPc/8oD3//KA+H/0QPn/9ED6v/UA+v/5gPy/9MD8//mA/X/9AP2/+8EA//0BAT/7wQI/9EECv/RBBP/7QQU/+YEFf/tBBb/5gQX/+0EGP/mBBn/4QQc/9EEcP/TBHH/5gRy/9MEc//mBHT/0wR1/+YEd//SBHn/4QR8/9EEhv/TBJj/0QS1/9EEt//RBL//0gTC/9QEw//mBMT/1ATF/+YAKAA4/74AWv/vAF3/7wC9/+8A0v++ANb/vgDm/8kA9v/fAQn/7QEa/+8BIP/rATn/vgE6/98BRf++AUz/6QFj//UBbf/gArT/7wK1/+8DDv++AxD/vgMS/74DI//vA6b/7wPB/74Dyf/vA9L/7wPa/+8D6//vA/P/7wQU/+8EFv/vBBj/7wRx/+8Ec//vBHX/7wR3/74Ev/++BMP/7wTF/+8APwA4/+YAOv/nADz/8gA9/+cAXP/xANL/5gDW/+YA2v/yAN7/7gDh/+gA5v/mAO7/8QD2/9ABGf/nATP/8gE0//EBOf/mATr/zgFD//IBRP/xAUX/5gFH/+gBSf/oAV3/8gFe//EBYv/nAWT/7QFs/+YBbf/QApn/5wMO/+YDEP/mAxL/5gMi/+cDJP/nA4v/5wOa/+cDm//yA53/5wO1/+4Dwf/mA8L/8gPK//ED2f/nA+r/5wPy/+cD9f/yA/b/8QQD//IEBP/xBBP/7gQV/+4EF//uBBn/6ARw/+cEcv/nBHT/5wR3/+YEef/oBIb/5wS//+YEwv/nBMT/5wCYACUAEAAn/+gAK//oADP/6AA1/+gAOP/gADr/4AA9/98Ag//oAJP/6ACY/+gAsgAQALP/6AC0ABAA0v/gANP/6ADUABAA1v/gANkAFADdABAA4f/hAOb/4ADtABMA8gAQAPn/4AEEABABCP/oAQ0AEAEX/+gBGf/gARv/6AEd/+gBH//oASH/6AE5/+ABQf/oAUX/4AFH/+EBSP/gAUn/4QFK/+ABTf/hAVAAEAFRABABWP/pAWL/3wFk/94BZgAQAWr/6AFs/98Bbv/yAW8AEAFwABACRf/oAkb/6AJI/+gCSf/oAn8AEAKAABACgQAQAoIAEAKDABAChAAQAoUAEAKG/+gCkP/oApH/6AKS/+gCk//oApT/6AKZ/98CtgAQArgAEAK6ABACvP/oAr7/6ALA/+gCwv/oAtD/6ALS/+gC1P/oAtb/6AL4/+gC+v/oAvz/6AMO/+ADEP/gAxL/4AMi/98DJP/fAy3/6AOGABADiv/oA4v/3wOOABADl//oA5r/3wOd/98DtgAQA73/6APA/+gDwf/gA9n/3wPiABAD6v/gA+3/6APw/+gD8v/fA/gAEAP6ABAEC//oBA3/6AQP/+gEGf/hBBr/4AQeABAEIAAQBCIAEAQkABAEJgAQBCgAEAQqABAELAAQBC4AEAQwABAEMgAQBDQAEARK/+gETP/oBE7/6ARQ/+gEUv/oBFT/6ARW/+gEWP/oBFr/6ARc/+gEXv/oBGD/6ARw/98Ecv/fBHT/3wR3/+AEef/hBHr/4ASG/98EmQAQBJ//6AS4/+gEv//gBML/4ATE/+AANQAb//IAOP/xADr/9AA8//QAPf/wANL/8QDU//UA1v/xANr/9ADd//UA3v/zAOb/8QEZ//QBM//0ATn/8QFD//QBRf/xAVD/9QFd//QBYv/yAWT/8gFm//UBbP/yAW//9QKZ//ADDv/xAxD/8QMS//EDIv/wAyT/8AOL//ADmv/wA5v/9AOd//ADtf/zA8H/8QPC//QD2f/wA+r/9APy//AD9f/0BAP/9AQT//MEFf/zBBf/8wRw//AEcv/wBHT/8AR3//EEhv/wBL//8QTC//QExP/0AGoAJQAPADj/5gA6/+YAPAAOAD3/5gCyAA8AtAAPANL/5gDUAA4A1v/mANkAEwDaAA4A3QAOAN4ACwDh/+UA5v/mAOf/9ADtABIA8gAPAPb/5wD5/+gBBAAPAQ0ADwEZ/+YBMwAOATn/5gE6/+cBQwAOAUX/5gFH/+UBSP/oAUn/5QFK/+gBTP/kAVAADgFRAA8BXQAOAWL/5gFk/+YBZgAOAWz/5gFt/+cBbwAOAXAADwJ/AA8CgAAPAoEADwKCAA8CgwAPAoQADwKFAA8Cmf/mArYADwK4AA8CugAPAw7/5gMQ/+YDEv/mAyL/5gMk/+YDhgAPA4v/5gOOAA8Dmv/mA5sADgOd/+YDtQALA7YADwPB/+YDwgAOA9n/5gPiAA8D6v/mA/L/5gP1AA4D+AAPA/oADwQDAA4EEwALBBUACwQXAAsEGf/lBBr/6AQeAA8EIAAPBCIADwQkAA8EJgAPBCgADwQqAA8ELAAPBC4ADwQwAA8EMgAPBDQADwRw/+YEcv/mBHT/5gR3/+YEef/lBHr/6ASG/+YEmQAPBL//5gTC/+YExP/mADEAOP/jADz/5QA9/+QA0v/jANT/5QDW/+MA2f/iANr/5QDd/+UA3v/pAPL/6gEE/+oBM//lATn/4wFD/+UBRf/jAVD/5QFR/+oBXf/lAWb/5QFs/+QBb//lAXD/6gKZ/+QDDv/jAxD/4wMS/+MDIv/kAyT/5AOL/+QDmv/kA5v/5QOd/+QDtf/pA8H/4wPC/+UD2f/kA/L/5AP1/+UEA//lBBP/6QQV/+kEF//pBHD/5ARy/+QEdP/kBHf/4wSG/+QEv//jACQAOP/iADz/5ADS/+IA1P/kANb/4gDZ/+EA2v/kAN3/5ADe/+kA7f/kAPL/6wEE/+sBM//kATn/4gFD/+QBRf/iAVD/5AFR/+sBXf/kAWb/5AFv/+QBcP/rAw7/4gMQ/+IDEv/iA5v/5AO1/+kDwf/iA8L/5AP1/+QEA//kBBP/6QQV/+kEF//pBHf/4gS//+IAGAA4/+sAPf/zANL/6wDW/+sBOf/rAUX/6wKZ//MDDv/rAxD/6wMS/+sDIv/zAyT/8wOL//MDmv/zA53/8wPB/+sD2f/zA/L/8wRw//MEcv/zBHT/8wR3/+sEhv/zBL//6wA5AFH/7wBS/+8AVP/vAFz/8ADB/+8A7P/vAO3/7gDu//AA8P/vAPH/7wDz/+8A9P/vAPX/7wD2/+4A+P/vAPr/7wD7/+8A/v/vAQD/7wEF/+8BCf/0ASD/8QEr/+8BNP/wATb/7wE6/+8BPP/vAT7/7wFE//ABU//vAVX/7wFX/+8BXP/vAV7/8AFt/+8Cqv/vAvL/7wL0/+8C9v/vAvf/7wOg/+8Dxf/vA8f/7wPK//ADzP/vA9H/7wPh/+8D5//vA/b/8AQE//AECP/vBAr/7wQc/+8EfP/vBJj/7wS1/+8Et//vACMABv/yAAv/8gBa//UAXf/1AL3/9QD2//QBCf/1ARr/9QE6//UBbf/1AYT/8gGF//IBh//yAYj/8gGJ//ICtP/1ArX/9QMj//UDpv/1A8n/9QPS//UD2v/1A9v/8gPc//ID3//yA+v/9QPz//UEFP/1BBb/9QQY//UEcf/1BHP/9QR1//UEw//1BMX/9QAKAO0AFAD2/+0A+f/tAPz/4gE6/+0BSP/tAUr/7QFt/+0EGv/tBHr/7QB2AEf/8ABI//AASf/wAEv/8ABT/+sAVf/wAJT/8ACZ//AAu//wAMj/8ADJ//AA9//wAQP/8AEY/+sBHP/rAR7/8AEi//ABQv/wAWD/8AFh//ABa//wAdv/6wHd/+sB5f/pAez/6wH1/+sCEf/rAhr/6wIx/+sCof/wAqL/8AKj//ACpP/wAqX/8AKr/+sCrP/rAq3/6wKu/+sCr//rAr3/8AK///ACwf/wAsP/8ALF//ACx//wAsn/8ALL//ACzf/wAs//8ALR//AC0//wAtX/8ALX//AC+f/rAvv/6wL9/+sDOf/rA0P/6wNE/+sDRf/rA0b/6wNH/+sDUP/rA1H/6wNS/+sDU//rA1r/6wNb/+sDXP/rA13/6wNt/+sDbv/rA2//6wOe//ADpP/rA6r/6wPE//ADxv/rA8j/8APL//AD5v/wA+z/8APx//AD///wBAH/8AQC//AEDP/rBA7/8AQQ/+sEHf/wBDf/8AQ5//AEO//wBD3/8AQ///AEQf/wBEP/8ARF//AES//rBE3/6wRP/+sEUf/rBFP/6wRV/+sEV//rBFn/8ARb//AEXf/wBF//6wRh//AEnP/wBKD/6wSp//AEq//wBM//6wTx/+sE9P/rBPn/6wDjAAYADQALAA0ARf/wAEf/sABI/7AASf+wAEoADQBL/7AAU//WAFX/sABaAAsAXQALAJT/sACZ/7AAu/+wAL0ACwC+/7AAx/+rAMj/wADJ/7AAzP/VAO3/qgDy/68A9/+wAQP/sAEE/68BGP/WARoACwEc/+IBHv+wASAADAEi/7ABQv+wAVH/rwFg/7ABYf+wAWMACwFlAAsBa/+wAXD/rwGEAA0BhQANAYcADQGIAA0BiQANAdMADQHWAA0B2AAOAdn/9QHb/+wB3f/tAeX/7AHr/78B7P/tAe3/vwH0AA4B9f/tAfgADgIQAA4CEf/tAhIADQIUAA4CGv/tAjH/7gIz/78Cmv/wApv/8AKc//ACnf/wAp7/8AKf//ACoP/wAqH/sAKi/7ACo/+wAqT/sAKl/7ACq//WAqz/1gKt/9YCrv/WAq//1gK0AAsCtQALArf/8AK5//ACu//wAr3/sAK//7ACwf+wAsP/sALF/7ACx/+wAsn/sALL/7ACzf+wAs//sALR/7AC0/+wAtX/sALX/7AC+f/WAvv/1gL9/9YDIwALAzL/vwMz/78DNP+/AzX/vwM2/78DN/+/Azj/vwM5/+0DQ//tA0T/7QNF/+0DRv/tA0f/7QNMAA0DTf+/A07/vwNP/78DUP/tA1H/7QNS/+0DU//tA1r/7QNb/+0DXP/tA13/7QNt/+0Dbv/tA2//7QNz//UDdP/1A3X/9QN2//UDeAAOA4EADQOCAA0Dnv+wA6T/1gOmAAsDqv/WA8P/8APE/7ADxv/WA8j/sAPJAAsDy/+wA9IACwPaAAsD2wANA9wADQPfAA0D4//wA+b/sAPrAAsD7P+wA/H/sAPzAAsD+f/wA/v/8AP//7AEAf+wBAL/sAQM/9YEDv+wBBD/1gQUAAsEFgALBBgACwQd/7AEH//wBCH/8AQj//AEJf/wBCf/8AQp//AEK//wBC3/8AQv//AEMf/wBDP/8AQ1//AEN/+wBDn/sAQ7/7AEPf+wBD//sARB/7AEQ/+wBEX/sARL/9YETf/WBE//1gRR/9YEU//WBFX/1gRX/9YEWf+wBFv/sARd/7AEX//WBGH/sARxAAsEcwALBHUACwSa//AEnP+wBKD/1gSp/7AEq/+wBMMACwTFAAsEy/+/BM//7QTQAA0E0v+/BN4ADQThAA0E6v+/BPH/7QT0/+0E9QAOBPn/7QT6AA0ADgDtABQA8gAQAPb/8AD5//ABAQAMAQQAEAE6//ABSP/wAUr/5gFRABABbf/wAXAAEAQa//AEev/wAE0ARwAMAEgADABJAAwASwAMAFUADACUAAwAmQAMALsADADIAAwAyQAMAO0AOgDyABgA9v/jAPcADAD5//cBAwAMAQQAGAEeAAwBIgAMATr/4gFCAAwBSP/3AUr/4wFRABgBYAAMAWEADAFrAAwBbf/jAXAAGAKhAAwCogAMAqMADAKkAAwCpQAMAr0ADAK/AAwCwQAMAsMADALFAAwCxwAMAskADALLAAwCzQAMAs8ADALRAAwC0wAMAtUADALXAAwDngAMA8QADAPIAAwDywAMA+YADAPsAAwD8QAMA/8ADAQBAAwEAgAMBA4ADAQa//cEHQAMBDcADAQ5AAwEOwAMBD0ADAQ/AAwEQQAMBEMADARFAAwEWQAMBFsADARdAAwEYQAMBHr/9wScAAwEqQAMBKsADAAiAFr/9ABc//AAXf/0AL3/9ADt/+8A7v/wAPL/8wEE//MBGv/0ATT/8AFE//ABUf/zAV7/8AFw//MCtP/0ArX/9AMj//QDpv/0A8n/9APK//AD0v/0A9r/9APr//QD8//0A/b/8AQE//AEFP/0BBb/9AQY//QEcf/0BHP/9AR1//QEw//0BMX/9AAKAAb/1gAL/9YBhP/WAYX/1gGH/9YBiP/WAYn/1gPb/9YD3P/WA9//1gAIAPb/ugEJ/88BIP/bATr/UAFK/50BY//wAWX/8gFt/0wACgAG//UAC//1AYT/9QGF//UBh//1AYj/9QGJ//UD2//1A9z/9QPf//UAKABMACAATwAgAFAAIABT/4AAV/+QAFsACwEY/4ABwf+QAqv/gAKs/4ACrf+AAq7/gAKv/4AC+f+AAvv/gAL9/4ADBf+QAwf/kAMJ/5ADC/+QAw3/kAOk/4ADqv+AA8b/gAPN/5AEDP+ABBD/gARL/4AETf+ABE//gARR/4AEU/+ABFX/gARX/4AEX/+ABKD/gAStACAErwAgBLEAIAS+/5AAEwHT/+4B1f/1Adb/8QHY//IB9P/yAfj/8gIQ//ICEv/uAhT/8gNM/+4DeP/yA4D/9QOB/+4Dgv/uBND/7gTe/+4E4f/uBPX/8gT6/+4AEwHT/+UB1f/xAdb/6wHY/+kB9P/pAfj/6QIQ/+kCEv/lAhT/6QNM/+UDeP/pA4D/8QOB/+UDgv/lBND/5QTe/+UE4f/lBPX/6QT6/+UAAwHV//UB1v/uA4D/9QACAdb/twHb//AAAQBbAAsABAAN/+YAQf/0AGH/7wFN/+0AFwC4/9QAvv/wAML/7QDEABEAyv/gAMz/5wDN/+UAzv/uANkAEgDq/+kA9v/XATr/1wFK/9MBTP/WAU3/xQFY/+cBYgANAWQADAFt/9YBbv/yAdv/6QHl/+cCMf/pAAEBHP/xABIA2f+uAOYAEgDr/+AA7f+tAO//1gD9/98BAf/SAQf/4AEc/84BLv/dATD/4gE4/+ABQP/gAUr/6QFN/9oBX/+9AWn/3wFsABEAAgD2//UBhf+wAAIA7f/JARz/7gAJAOb/wwD2/88BOv/OAUn/5wFM/98BYv/RAWT/7AFs/6ABbf/RAC8AVv9tAFv/jABt/b8AfP59AIH+vACG/ysAif9LALj/YQC+/48Av/8PAMP+6ADG/x8Ax/7lAMr/RgDM/u0Azf79AM7+2QDZ/1IA5gAFAOr/vQDr/0kA7f7+AO//EwD2/2gA/f8OAP//EwEB/wcBB/8OAQn/EQEc/zwBIP+sAS7/FQEw/zwBOP8OATr/agFA/0kBSv8MAUz/PwFN/vEBWP/AAV/+7wFj/zEBZf9fAWn/CgFsAAUBbf8wAW7/1QAeAAr/4gANABQADv/PAEEAEgBK/+oAVv/YAFj/6gBhABMAbf+uAHz/zQCB/6AAhv/BAIn/wAC4/9AAvP/qAL7/7gC//8YAwAANAML/6QDD/9YAxv/oAMf/ugDK/+kAzP/LAM3/2gDO/8cBjf/TAdv/ywHl/8sCMf/NABcAI//DAFj/7wBb/98Amv/uALj/5QC5/9EAxAARAMr/yADZABMA5v/FAPb/ygE6/58BSf9RAUr/ewFM/8oBTf/dAVj/8gFi/3UBZP/KAWz/TwFt/4wB1v/NAeX/9QAHAPb/8AEJ//EBIP/zATr/8QFj//MBZf/pAW3/0wADAEr/7gBb/+oB1v/wAAkAyv/qAO3/uAD2/+oBCf/wASD/8QE6/+sBY//1AW3/7AGF/7AAAgERAAsBbP/mABIAW//BALj/xQDK/7QA6v/XAPb/uQEJ/7IBHP/SASD/yAE6/6ABSv/FAVj/5AFj/8wBZf/MAW3/ywFu/+8B2//nAeX/5gIx/+gABQBb/6QB1v9UAdv/8QHl//ECMf/zAAgA2QAVAO0AFQFJ/+QBSv/lAUz/5AFi/+MBZP/iAWz/5AACAPb/wAGF/7AACABYAA4Agf+fAL7/9QDE/94Ax//lANn/qADt/8oBX//jAAUAyv/qAO3/7gD2/7ABOv/sAW3/7AADAEoADwBYADIAWwARADMABP/YAFb/tQBb/8cAbf64AHz/KACB/00Ahv+OAIn/oQC4/64Avv/JAL//fgDD/2cAxv+HAMf/ZQDK/54AzP9qAM3/cwDO/14A2f+lAOYADwDq/+QA6/+gAO3/dADv/4AA9v+yAP3/fQD//4ABAf95AQf/fQEJ/38BHP+YASD/2gEu/4EBMP+YATj/fQE6/7MBQP+gAUr/fAFM/5oBTf9sAVj/5gFf/2sBY/+SAWX/rQFp/3sBbAAPAW3/kQFu//IB2/+5AeX/uQIx/7kABwANABQAQQARAFb/4gBhABMB2//ZAeX/2QIx/9kABwBKAA0Avv/1AMYACwDH/+oAygAMAO3/yAEc//EABwANAA8AQQAMAFb/6wBhAA4B2//nAeX/5wIx/+kABgBb/+UAuP/LAM3/5AHb/+wB5f/rAjH/7QAHAIH/3wC1//MAt//wAMT/6gDZ/98A5v/gAWz/4AABAdv/6wAEAdb/xwHb//IB5f/yAjH/8gABAdb/8QABAdYADQACCwwABAAADqwXaAAmACUAAAAAAAAAAAAAAAAAEgAAAAAAAAAA/+P/5AAAAAAAAAAAABEAAAAAAAAAAAAAAAAAAAARAAAAEQAAAAAAAAAA/+T/5QAAAAAAAAAAAAAAAAAAAAAAAP/rAAAAAAAAAAD/5f/V/+0AAAAAAAD/6gAA/+kAAAAAAAAAAAAA/+H/mgAA//X/6gAAAAAAAAAAAAAAAAAAAAAAAP/1AAD/9P/1AAAAAP/1/87/7/9//6IAAAAAAAwAAAAA//EAAP+IAAD/u//E/8cAEQAAABIAAP+pAAAAAP/J/48AAAAA/90AAAAAAAAAAAAAAAAAAAAAAAD/8QAAAAAAAAAAAAD/8AAAAAAAAAAA/3j/6wAAAAAAAAAAAAD/8AAAAAAAAAAAAAAAAAAAAAAAAAAAAAAAAAAAAAAAAAAAAAAAAAAAAAAAAAAAAAAAAAAAAAAAAAAAAAD/mAAAAAAAAAAAAAAAAAAAAAAAAAAAAAAAAAAAAAAAAAAAAAD/7QAAAAD/7f/vAAAAAAAA/+YAAAAUAAAAAAAAAAAAAAAAAAAAAAAAAAAAAP/wAAAAAAAAAAAAAAAAAAAAAAAAAAAAAAAA/+0AAAAAAAAAAAAAAAAAAAAAAAD/8QAAAAAAAAAAAAAAAAAAAAAAAAAA/70AAAAAAAAAAAAAAAAAAAAAAAAAAAAAAAAAAAAAAAAAAAAAAAAAAAAAAAAAAAAAAAAAAP/1AAAAAAAAAAAAAP/xAAAAAAAAAAD/4//xAAAAAAAAAAAAAP/yAAAAAAAAAAAAAAAAAAAAAAAAAAAAAAAAAAAAAAAAAAAAAAAA//MAAAAAAAAAAAAAAAAAAAAAAAAAAP/yAAAAAAAAAAAAAAAAAAAAAAAAAAAAAAAAAAAAAAAAAAAAAP/zAAAAAP/xAAAAAP/xAAAAAAAAAAAAAAAAAAAAAAAAAAAAAAAAAA8AAAAAAAAAAAAA/5X/1wAAAAAAAAAAAAAAAAAAAAAAAAAAAAAAAAAAAAAAAP/qAAAAAAAAAAAAAAAA/+sAAAAAAAAAAAAAAAAAAAAAAAAAAAAAAAAAAAAAAAAAAAAAAAAAAAAAAAAAAAAAAAD/5v/h/+n/5f/pAAAAAP/n/9gAAAAAAAAAAAAAAAAAAAAAAAAAAAAAAAAAAAAAAAAAAAAAAAAAAAAAAAD/wAAA/6MAAAAAAAAAAP+//+P/2P+//9n/ov+3/8v/7P+gABEAEv+r/8b/4v/wAA0AAAAAAAD/6QARAAD/8wAA/y0AAP/vABIAAP/MAAAAAAAA/6D/8wAAAAAAAAAAAAAAAAAAAAAAAAAAAAAAAAAAAAAAAAAAAAAAAAAAAAAAAAAAAAD/6v/uAAAAAAAA/+wAAAAAAAAAAAAAAAAAAAAAAAD/nf/k/5P/nf+h/7H/j/+5/7gAAAAQABD/r/+M/8T/8AAAAAAAAAAA/7MADwAA//H/y/8m/37/7QAQ/7z/GAAA/3wAAP8Q//EAAAAAAAAAAAAAAAAAAAAA//IAAAAAAAAAAAAAAAAAAAAAAAD/7AAAAAAAAAAA/7//wAAAAAAAAAAAAAAAAAAAAAAAAAAAAAD/2AAA//AAAAAA//AAAAAAAAAAAAAAAAAAAAAAAAAAAAAAAAAAAAAAAAAAAAAAAAAAAAAAAAAAAAAAAAAAAAAAAAAAAAAAAAAAAAAAAAD/6//mAAD/6//tAA0AAP/s/+UAAAAAAAAADQAAAAAAAAAAAAAAAAAAAAAAAAAAAAAAAAAAAAAAAAAAAAAAAAAAAAAAAAAAAAAAAP/m/+cAAP/r/+sAAAAA/+f/4QAAAAAAAAAAAAAAAAAAAAAAAAAAAAAAAAAAAAAAAAARAAAAEQAAAA4AAP/SAAD/0QAAAAAAAAAAAAAAAAAAAAAAAAAAAAAAAAAAAAD/4wAAAAAAAAAAAAAAAAAAAAAAAAAAAAAAAAAAAAAAAAAAAAAAAAAAAAAAAAAAAAAAAAAAAAD/7AAAAAD/7AAAAAAAAAAAAAAAAAAAAAAAAAAAAAAAAAAAAAAAAAAAAAAAAAAAAAAAAAAAAAAAAAAAAAAAAAAAAAAAAAAAAAAAAP/tAAAAAP/sAAAAAP/YAAAAEgAAAAAAAAAAAAAAAAAAAAAAAAAAABAAAAAAAAAAAAAA/4UAAAAAAAAAAAAAAAAAAAAAAAAAAAAA//MAAAAA//MAAP92//UAAAAPAAAAAAAA/8YAAAAAAAD/4QAA/+YAAAAAAAAAAAAA/8n+vP/ZAAAAAAAAAAAAAAAAAAD/OAAAAAAAAAAAAAAAAAAAAAAAAAAAAAAAAAAAAAAAAAAAAAAAAAAAAAAAAP/1AAAAAAAAAAAAAAAAAAAAAAAAAAAAAAAAAAAAAAAAAAAAAAAA/78AAAAA/9QAEwAA//L/e//K/u3/EQATAAAAAAAAAAD/2gAA/rAAAP9x/z//OwAAAAAAAAAA/1EAAAAAAAAAAAAAAAD/kQAA/8UAAP/s/8MAAP+I/84AAAAAAAAAAAAAAAD/sAAAAAAAAAAAAAD/lQAAAAAAAAAAAAAAAAAAAAAAAAAAAAAAAAAAAAAAAAAAAAD/7AAAAAD/7AAAAAAAAAAAAAAAAAAAAAAAAAAAAAAAAAAAAAAAAAAAAAAAAAAAAAAAAAAA/9gAAAAAAAAAAAAAAAAAAAAAAAAAAP/hAAAAAP/h/+3/1f/f/+cAAAAAAA4AAP/LAAAAAAAAAAAAAAAAAAAAAAAAAAAAAAAA/4UAAAAAAAAAAP/EAAAAAAAAAAAAAAAAAAAAAAAAAAAAAAAAAAAAAAAAAAD/5f/JAAAAAAAAAAAAAAAAAAAAAAAAAAAAAAAAAAAAAAAAAAD/6AAAAAAAAAAA//MAAAAAAAD/1P/zAAD/0v/k/7X/0v/Z//UAAAAAAAD/tAAAAAAAAAAAAAAAAAAAAAAAAAAAAAAAAP8fAAAAAAAAAAD/2wAAAAAAAAAAAAAAAAAAAAAAAAAAAAAAAAAA/+sAAAAAAAAAAAAAAAAAAAAAAAAAAAAAAAAAAAAAAAAAAAAAAAAAAAAAAAAAAAAAAAAAAAAAAAAAAAAAAAAAAAAAAAAAAAAAAAAAAP/dAAAAAAAAAAAAAAAAAAAAAAAAAAD/ef/1AAAAAAAAAAAAAAAAAAAAAAAAAAAAAP/ZAAAAAAAAAAAAAAAAAAAAAAAAAAAAAAAAAAAAAP71/60AAAAAAAAAAP/wAAAAAP/A/8kAAAAAAAD/9QAAAAAAAP/IAAAAAP/nAAD/6wAAAAAAAAAAAAAAAAAAAAAAAAAAAAAAAAAAAAAAAAAAAAAAAAAAAAAAAAAA/1YAAAAAAAAAAAAAAAAAAAAAAAAAAAAAAAAAAAAAAAAAAAAA/0T/vf8z/0T/S/8+/ywAAP9yAAAABwAHAAD/J/+G/9EAAAAAAAAAAP9qAAUAAAAA/5L+ev8PAAAABwAA/mIAAP8MAAAAAAAAAAAAAAAAAAAAAAAAAAAAAAAAAAAAAAAAAAAAAAAAAAAAAAAAAAAAAAAAAAAAAAANAAAAAAAAAAAAAAAAAAAAAAAAAAAAAAAAAAAAAAAAAAAAAAAAAAAAAAAA/+8AAAAAAAAAAAAAAAAAAAAAAAD/7AAAAAAAAAAA/7T/uwAAAAAAAAAAAAAAAAAAAAAAAAAAAAD/1QAA/73/6f+a/70AAP+l/5EAAAAAAAAAEgASAAD/0gAAAAAAAAAAAAAAAAAAAAAAAAAA/8r+bf+7AAAAAAAA/4kAAP/pAAAAAAAAAAIAmgAGAAYAAAALAAsAAQAQABAAAgASABIAAwAlACkABAAsADQACQA4AD4AEgBFAEcAGQBJAEkAHABMAEwAHQBRAFQAHgBWAFYAIgBaAFoAIwBcAF4AJACKAIoAJwCWAJYAKACxALQAKQC9AL0ALQDBAMEALgDHAMcALwDUANUAMADXANcAMgDaANoAMwDcAN4ANADgAOYANwDsAOwAPgDuAO4APwD3APcAQAD8APwAQQD+AP8AQgEEAQUARAEKAQoARgENAQ0ARwEYARoASAEuATAASwEzATUATgE3ATcAUQE5ATkAUgE7ATsAUwFDAUQAVAFUAVQAVgFWAVYAVwFYAVgAWAFcAV4AWQGEAYoAXAGOAY8AYwHYAdgAZQHdAd0AZgHgAeEAZwHrAe0AaQH/Af8AbAIOAhAAbQIwAjAAcAIzAjMAcQJFAkUAcgJHAkgAcwJ6AnsAdQJ9An0AdwJ/AqUAeAKqAq8AnwK0AsQApQLGAs8AtgLYAtoAwALcAtwAwwLeAt4AxALgAuAAxQLiAuIAxgLlAuUAxwLnAucAyALpAukAyQLrAusAygLtAu0AywLvAu8AzALxAv0AzQL/Av8A2gMBAwEA2wMDAwMA3AMOAw4A3QMQAxAA3gMSAxIA3wMUAxQA4AMWAxYA4QMYAxgA4gMaAxoA4wMcAxwA5AMeAx4A5QMgAyAA5gMiAyoA5wMvAzgA8ANDA0cA+gNNA08A/wNUA1QBAgNlA2kBAwNtA28BCAN4A3gBCwOGA4sBDAOOA50BEgOgA6ABIgOkA6QBIwOmA6YBJAOqA6oBJQOtA64BJgOwA7kBKAO7A70BMgO/A8QBNQPGA8wBOwPSA9MBQgPVA9UBRAPXA9cBRQPZA9wBRgPfA+QBSgPmA+YBUAPqA+sBUQPwA/sBUwP+A/8BXwQBBAQBYQQLBAwBZQQQBBABZwQSBBgBaAQeBEYBbwRIBEgBmARKBFcBmQRfBF8BpwRiBGIBqARkBGQBqQRwBHUBqgR3BHcBsAR7BHwBsQR/BH8BswSBBIIBtASEBIQBtgSGBIYBtwSXBJsBuASdBJ0BvQSfBKABvgSiBKIBwASmBKgBwQSqBKoBxASsBK4BxQSwBLAByASyBLIByQS0BLoBygS8BLwB0QS/BL8B0gTBBMYB0wTIBMsB2QTPBM8B3QTSBNIB3gTYBNgB3wTdBN0B4AToBOgB4QTqBOoB4gTxBPEB4wT1BPUB5AACAXQABgAGABkACwALABkAEAAQACEAEgASACEAJQAlAAIAJgAmABwAJwAnABMAKAAoAAEAKQApAAUALgAuAAoALwAvAAsAMAAwABgAMwAzAAEANAA0ABYAOAA4AA4AOQA5AAoAOgA6AB0AOwA7ABsAPAA8ABIAPQA9AAwAPgA+ABEARQBFAAYARgBGAAcARwBHABcASQBJAAgATABMAAQAUQBSAAQAUwBTAAMAVABUAAcAVgBWABUAWgBaAAkAXABcABQAXQBdAAkAXgBeABAAigCKAAcAlgCWAAEAsQCxACIAsgCyAAIAswCzAAEAtAC0AAIAvQC9AAkAwQDBAAQAxwDHAAcA1ADVACAA2gDaABIA3gDeACUA5ADkACAA5gDmACAA7ADsABoA7gDuABQA9wD3AAcA/AD8AB8A/gD+AB8A/wD/AAcBBAEFAB8BCgEKAB8BDQENAAIBGAEYAAMBGQEZAB0BGgEaAAkBLgEuAAcBLwEvACIBMAEwABoBMwEzABIBNAE0ABQBNQE1AAsBNwE3AAsBOQE5AAsBQwFDABIBRAFEABQBWAFYAAEBXAFcABoBXQFdABIBXgFeABQBhAGFABkBhgGGACEBhwGJABkBigGKACEBjgGPACEB2AHYACMB3QHdAA0B4AHgACQB4QHhAB4B6wHrAA8B7AHsAA0B7QHtAA8B/wH/AB4CDgIQAB4CMAIwAA0CMwIzAA8CRQJFABMCRwJIAAECegJ7AAECfQJ9AA4CfwKFAAIChgKGABMChwKKAAUCkAKUAAEClQKYAAoCmQKZAAwCmgKgAAYCoQKhABcCogKlAAgCqgKqAAQCqwKvAAMCtAK1AAkCtgK2AAICtwK3AAYCuAK4AAICuQK5AAYCugK6AAICuwK7AAYCvAK8ABMCvQK9ABcCvgK+ABMCvwK/ABcCwALAABMCwQLBABcCwgLCABMCwwLDABcCxALEAAECxgLGAAUCxwLHAAgCyALIAAUCyQLJAAgCygLKAAUCywLLAAgCzALMAAUCzQLNAAgCzgLOAAUCzwLPAAgC2QLZAAQC5QLlAAoC5wLnAAsC6QLpABgC6wLrABgC7QLtABgC7wLvABgC8gLyAAQC9AL0AAQC9gL3AAQC+AL4AAEC+QL5AAMC+gL6AAEC+wL7AAMC/AL8AAEC/QL9AAMC/wL/ABUDAQMBABUDAwMDABUDDgMOAA4DEAMQAA4DEgMSAA4DFAMUAAoDFgMWAAoDGAMYAAoDGgMaAAoDHAMcAAoDHgMeAAoDIAMgABsDIgMiAAwDIwMjAAkDJAMkAAwDJQMlABEDJgMmABADJwMnABEDKAMoABADKQMpABEDKgMqABADLwMwAA0DMQMxACMDMgM4AA8DQwNHAA0DTQNPAA8DVANUAA0DZQNlAB4DZgNpACQDbQNvAA0DeAN4ACMDhgOGAAIDhwOHAAUDigOKAAEDiwOLAAwDjgOOAAIDjwOPABwDkAOQAAUDkQORABEDlAOUAAsDlwOXAAEDmAOYABYDmQOZAA4DmgOaAAwDmwObABIDnQOdAAwDoAOgAAQDpAOkAAMDpgOmAAkDqgOqAAMDrQOtAAUDrgOuACIDsgOyAAoDswO0AAsDtQO1ACUDtgO2AAIDtwO3ABwDuAO4ACIDuQO5AAUDvQO9AAEDvwO/ABYDwAPAABMDwQPBAA4DwgPCABIDwwPDAAYDxAPEAAgDxgPGAAMDxwPHAAcDyAPIABcDyQPJAAkDygPKABQDywPLAAgDzAPMABoD0gPSAAkD0wPTABsD1QPVABsD1wPXABsD2QPZAAwD2gPaAAkD2wPcABkD3wPfABkD4QPhAAQD4gPiAAID4wPjAAYD5APkAAUD5gPmAAgD6gPqAB0D6wPrAAkD8APwABMD8QPxABcD8gPyAAwD8wPzAAkD9QP1ABID9gP2ABQD+AP4AAID+QP5AAYD+gP6AAID+wP7AAYD/gP+AAUD/wP/AAgEAQQCAAgEAwQDABIEBAQEABQECwQLAAEEDAQMAAMEEAQQAAMEEgQSAAcEEwQTACUEFAQUAAkEFQQVACUEFgQWAAkEFwQXACUEGAQYAAkEHgQeAAIEHwQfAAYEIAQgAAIEIQQhAAYEIgQiAAIEIwQjAAYEJAQkAAIEJQQlAAYEJgQmAAIEJwQnAAYEKAQoAAIEKQQpAAYEKgQqAAIEKwQrAAYELAQsAAIELQQtAAYELgQuAAIELwQvAAYEMAQwAAIEMQQxAAYEMgQyAAIEMwQzAAYENAQ0AAIENQQ1AAYENgQ2AAUENwQ3AAgEOAQ4AAUEOQQ5AAgEOgQ6AAUEOwQ7AAgEPAQ8AAUEPQQ9AAgEPgQ+AAUEPwQ/AAgEQARAAAUEQQRBAAgEQgRCAAUEQwRDAAgERAREAAUERQRFAAgESgRKAAEESwRLAAMETARMAAEETQRNAAMETgROAAEETwRPAAMEUARQAAEEUQRRAAMEUgRSAAEEUwRTAAMEVARUAAEEVQRVAAMEVgRWAAEEVwRXAAMEXwRfAAMEYgRiAAoEZARkAAoEcARwAAwEcQRxAAkEcgRyAAwEcwRzAAkEdAR0AAwEdQR1AAkEdwR3AA4EewR7ACIEfAR8ABoEfwR/AAQEgQSBACAEggSCACIEhASEAAsEhgSGAAwEmASYAAQEmQSZAAIEmgSaAAYEmwSbAAUEnwSfAAEEoASgAAMEogSiABUEpgSmABwEpwSnAAcEqASoAAEEqgSqAAEErQStAAQErgSuAAsEsASwAAsEsgSyABgEtQS1AAQEtwS3AAQEuAS4AAEEuQS5ABYEugS6AAcEvAS8ABUEvwS/AA4EwQTBAAoEwgTCAB0EwwTDAAkExATEAB0ExQTFAAkExgTGABsEyATIABEEyQTJABAEygTKAAEEywTLAA8EzwTPAA0E0gTSAA8E2ATYAB4E3QTdACME6AToAB4E6gTqAA8E8QTxAA0E9QT1ACMAAQAGBPUAFAAAAAAAAAAAABQAAAAAAAAAAAAaAB8AGgAAAAAAAAAAAAAAAAAAAAAAAAAAAAAAAAAAAAAAAAAAAAAAAAAGAAAAAgAAAAAAAAACAAAAAAAjAAAAAAAAAAAAAgAAAAIAAAAQAAsACgAdABYAEQAMABMAAAAAAAAAAAAAAAAABwAAAAEAAQABAAAAAQAAAAAAAAAAAAAAAwADAAQAAwABAAAADgAAAAUACQAAABUACQAPAAAAAAAAAAAAAAAAAAAAAAAAAAAAAAAAAAAAAAAAAAAAAAAAAAAAAAAAAAAAAAAAAAAAAAAAAAAAAAAAAAAAAAAAAAAAAAAAAAIAAAAAAAAAAAAAAAAAAAAAAAAAAAAAAAAAAAAAAAAAAgABAAAAAAAAAAIAAQAAAAUAAAAAAAAAAAAAAAAAAAAAAAAAAAAAAAAAAAAAAAAAAAAAAAAAAAAAAAAAAAAGAAIABgAAAAAAAAAAAAAAAAABAAAACQAAAAAAAAADAAAAAAAAAAAAAAAAAAEAAQAAAAUAAAAAAAAAAAAAAAAACwACABkAAAALAAAAAAAAABEAAAAAABkAIgAAAAAAIAAAAAAAAAAAAAAAAAAAAAAAAAAAAAMAAAAVAAAAAwADABsAAwADAAMAAAABAAMAIQADAAMAAAAAAAMAAAADAAAAAAABABsAAwAAAAAAAgAAAAAAAAAAAAYAAAAAAAAAAAAAAAAAAAAAAAAAAgAEAB0ACQACAAAAAgABAAIAAAACAAEAAAAAAAAAAAAAAAAAAAAAAAMAAAAAAAAAAAAAAAAAAAARABUAAAADAAAAAAALAAAAAAADAAAAAwAAAAAAAgABABEAFQALAAAAIAAhAAAAAAAAAAAAAAAAAAAAGQAbAAAAAwAAAAMAAAADAAAAAAAAAAAAAwARABUAAAABAAEAAAAAAAAAAAAZAAAAAAAAAAIAAQAAAAAAAAAZABsAAAAAAAAAAAAAAAAAAAAAAAAAAAAAAAAAAAAAAAAAAAAfAB8AAAAUABQAGgAUABQAFAAaAAAAAAAAABoAGgAAAAAAAAAAAAAAAAAAAAAAAAAAAAAAAAAAAAAAAAAAAAAAAAAAAAAAAAAAAAAAAAAAAAAAAAAAAAAAAAAAAAAAAAAAAAAAAAAAAAAAAAAAAAAAAAAAAAAAAAAAAAAAAAAAAA4AAAAAAAAAAAAAAAAAAAAAAAAAAAAAAAAAAAAAAAAAAAAAABcAHAAkAAAAEgAYAB4AAAAIAAAACAAAAAAAAAAAAAAAAAAAAAgAAAAAAAAAAAAAAA0ACAANAAAAAAAAAAAAAAAAABgACAAAAAAAGAAAAAAAAAAcAAAAAAAAAAAAAAAAAAAAAAAAAAAAAAAAAAAAAAAAAAAAHAAAAAAAGAAIABcAHAAYAAAAAAAAAAAAAAAIAAAAAAAAAAAAAAAAAAAAAAAAAAAAAAAAAAAAAAAAAAAAAAAAAAAAAAAAAAAACAAAAA0AAAAAAAAAAAAAAAAAAAAAAAAAAAAAAAAAAAAAAAAAAAAAAAIAAgAAAAIAAgAAAAAAAAAAAAAAAAAAAAAAAAAAAAAAAAAAAAAAAAAAAAAAAAAAAAAAAAAAAAAAAAAAAAAAAAAAAAAAAAAAAAAAAAAAAAAAAAAAAAAAAAAAAAAAAAAAAAAAAAAAAAAAHwAAAAAAAAAAAAAABgAGAAYABgAGAAYABgACAAAAAAAAAAAAAAAAAAAAAAAAAAIAAgACAAIAAgAKAAoACgAKAAwABwAHAAcABwAHAAcABwABAAEAAQABAAEAAAAAAAAAAAADAAQABAAEAAQABAAFAAUABQAFAAkACQAGAAcABgAHAAYABwACAAEAAgABAAIAAQACAAEAAAABAAAAAQAAAAEAAAABAAAAAQAAAAEAAgABAAIAAQACAAEAAgABAAAAAAAAAAAAAAAAAAAAAAAAAAAAAAAAAAAAIwAAAAAAAAAAAAAAAAAAAAAAAAAAAAAAAAADAAAAAwAAAAMAAwACAAQAAgAEAAIABAAAAAAAAAAAAAAAAAAQAA4AEAAOABAADgAQAA4AEAAOAAsAAAALAAAACwAAAAoABQAKAAUACgAFAAoABQAKAAUACgAFABYAAAAMAAkADAATAA8AEwAPABMADwAAAAAAAgAAAAAAAAAAAA0ADQANAA0ADQANAA0ACAAAAAAAAAAAAAAAAAAAAAAAAAAIAAgACAAIAAgAEgASABIAEgAXAA0ADQANAAgACAAIAAgAAAAAAAAAAAAAAAAACAAIAAgACAAAAAAAAAAAAAAAAAAAAAAAAAAAAAAAAAAAAAAAAAAIAAgACAAAAAAAAAAeAB4AHgAeAAAAGAAAABIAEgASABIAEgASACQAFwAXAAAAAAAAAAYAAAAAAAAAAgAMAAAAAAAGAAAAAAATAAAAAAAAAAAAAAACAAAAAAAMABEAAAAMAAEAAAADAAAABQAAAAQAAAAJAAAAAAAFAAQABQAAAAAAAAAAAAAAAAAjAAAAAAAiAAYAAAAAAAAAAAAAAAAAAgAAAAAAAgALABEABwABAAMABAADAAEACQAVAAEAAwAOAAAAAAAAAAMACQAWAAAAFgAAABYAAAAMAAkAFAAUAAAAAAAUAAAAAwAGAAcAAAAAAAEAAwAAAAAAHQAJAAEAAgAAAAAAAgABAAwACQAAABEAFQAAAAYABwAGAAcAAAAAAAAAAQAAAAEAAQARABUAAAAAAAAAAwAAAAMAAgAEAAIAAQACAAQAAAAAACIACQAiAAkAIgAJACAAIQAAAAMAAQAGAAcABgAHAAYABwAGAAcABgAHAAYABwAGAAcABgAHAAYABwAGAAcABgAHAAYABwAAAAEAAAABAAAAAQAAAAEAAAABAAAAAQAAAAEAAAABAAAAAAAAAAAAAgAEAAIABAACAAQAAgAEAAIABAACAAQAAgAEAAIAAQACAAEAAgABAAIABAACAAEACgAFAAoABQAAAAUAAAAFAAAABQAAAAUAAAAFAAwACQAMAAkADAAJAAAACwAAACAAIQAAAAMAAAAAAAAAAAAAAAAAAAAAAAAADAAAAAAAAAAAAAAAHwAAAAAAAAAAAAAAAAAAAAAAAAAAAAAAAwAGAAcAAAABAAAAAAACAAQAAAAAAAAABQAAAAAAAAAAAAEAAAABAAAAAAAAAAAAAAAAAAAAAAAAAAMAAAADAAIAAAAAAAAAAAAQAA4ACwAAAAoAHQAJAB0ACQAWAAAAEwAPAAAADQAAAAAAAAAIABcAAAANAAAAAAAAAAAAAAAAAAAAAAAAAAAAAAAXABwAAAAXAAAAAAAAAAAAAAAAAAAAAAANAAAAAAAAAAAAAAAAAAgAAAAAAAgAGAAcAAAAAAAIABcAAQAAAAoBYgKSAARERkxUABpjeXJsABpncmVrABpsYXRuAEgABAAAAAD//wASAAAAAQACAAMABAAIAAwADQAOAA8AEAARABIAEwAUABUAFgAXAC4AB0FaRSAA5ENSVCAA5EZSQSAAWk1PTCAAtk5BViAAiFJPTSAAtlRSSyAA5AAA//8AEwAAAAEAAgADAAQABwAIAAwADQAOAA8AEAARABIAEwAUABUAFgAXAAD//wAUAAAAAQACAAMABAAGAAgACQAMAA0ADgAPABAAEQASABMAFAAVABYAFwAA//8AFAAAAAEAAgADAAQABgAIAAsADAANAA4ADwAQABEAEgATABQAFQAWABcAAP//ABQAAAABAAIAAwAEAAYACAAKAAwADQAOAA8AEAARABIAEwAUABUAFgAXAAD//wATAAAAAQACAAMABAAFAAgADAANAA4ADwAQABEAEgATABQAFQAWABcAGGMyc2MAkmNjbXAAmGRsaWcAoGRub20ApmZyYWMArGxpZ2EAtmxpZ2EAvGxpZ2EAyGxudW0A0GxvY2wA1mxvY2wA3GxvY2wA4m51bXIA6G9udW0A7nBudW0A9HNtY3AA+nNzMDEBAHNzMDIBBnNzMDMBDHNzMDQBEnNzMDUBGHNzMDYBHnNzMDcBJHRudW0BKgAAAAEAAAAAAAIAAgAEAAAAAQAKAAAAAQAYAAAAAwAWABcAGQAAAAEACQAAAAQACAAJAAgACQAAAAIACAAJAAAAAQAVAAAAAQAHAAAAAQAFAAAAAQAGAAAAAQAZAAAAAQASAAAAAQATAAAAAQABAAAAAQALAAAAAQAMAAAAAQANAAAAAQAOAAAAAQAPAAAAAQAQAAAAAQARAAAAAQAUABoANgQwB+4IoAjKD24PhA+uD8IP5hAQEEwQYBB0EIgQmhC0EPYRFBFmEawSDhJsEoASsBLSAAEAAAABAAgAAgH6APoB5wJxAdEB0AHPAc4BzQHMAcsBygHJAcgCMwIyAjECMAIoAeYB5QHkAeMB4gHhAeAB3wHeAd0B3AHbAdoB2QHYAdcB1gHVAdQB0wHSAegB6QJzAnUCdAJ2AnICdwJSAeoB6wHsAe0B7gHvAfAB8QHyAfMB9AH1AfYB9wH4AfkB+gH7AfwB/QH+AgACAQT+AgICAwIEAgUCBgIHAggCCQIKAgsCOwINAg4CDwIQBPgCEQITAhQCFQIWAhcCGAIZAhsCHAIeAh0DLwMwAzEDMgMzAzQDNQM2AzcDOAM5AzoDOwM8Az0DPgM/A0ADQQNCA0MDRANFA0YDRwNIA0kDSgNLA0wDTQNOA08DUANRA1IDUwNUA1UDVgNXA1gDWQNaA1sDXANdA14DXwNgA2EDYgNjBP8DZANlA2YDZwNoA2kDagNrA2wDbQNuA28DcANxA3IDcwN0A3UFAgN2A3cDeQN4A3oDewN8A30DfgN/A4ADgQOCA4MDhAOFBQAFAQTLBMwEzQTOBM8E0ATRBNIE0wTUBNUE1gTXBNgE2QTaBNsE3ATdBN4E3wTgBOEE4gTjBOQE5QTmBOcB/wToBOkE6gTrBOwE7QTuBO8E8ATxBPIE8wT0BPUE9gUDBQQFBQUGBPcE+QT6BPwCGgT9BPsCDAISBQsFDAABAPoACAAKABQAFQAWABcAGAAZABoAGwAcAB0AJQAmACcAKAApACoAKwAsAC0ALgAvADAAMQAyADMANAA1ADYANwA4ADkAOgA7ADwAPQA+AGUAZwCBAIMAhACMAI8AkQCTALEAsgCzALQAtQC2ALcAuAC5ALoA0gDTANQA1QDWANcA2ADZANoA2wDcAN0A3gDfAOAA4QDiAOMA5ADlAOYA5wDoAOkBLwEzATUBNwE5ATsBQQFDAUUBSQFLAUwBWAFZAZcBnQGiAaUCegJ7An0CfwKAAoECggKDAoQChQKGAocCiAKJAooCiwKMAo0CjgKPApACkQKSApMClAKVApYClwKYApkCtgK4AroCvAK+AsACwgLEAsYCyALKAswCzgLQAtIC1ALWAtgC2gLcAt4C4ALiAuMC5QLnAukC6wLtAu8C8QLzAvUC+AL6AvwC/gMAAwIDBAMGAwgDCgMMAw4DEAMSAxQDFgMYAxoDHAMeAyADIgMkAyUDJwMpAysDLQOGA4cDiAOJA4oDiwOMA44DjwOQA5EDkgOTA5QDlQOWA5cDmAOZA5oDmwOcA50DrQOuA68DsAOxA7IDswO0A7UDtgO3A7gDuQO6A7sDvAO9A74DvwPAA8EDwgPTA9UD1wPZA+4D8APyBAcEDQQTBH0EggSGBQcFCQABAAAAAQAIAAIB3ADrAnECMwIyAjECMAIoAeYB5QHkAeMB4gHhAeAB3wHeAd0B3AHbAdoB2QHYAdcB1gHVAdQB0wHSAmQCcwMwAnUCdAMvAeMCcgJ3AlIE0gTTAeoB6wTUBNUE1gHsBNcB7QHuAe8E3AHwAfAE3QTeAfEB8gHzAfoE6wTsAfsB/AH9Af4B/wIABO8E8ATyBPUE/gICAgMCBAIFAgYCBwIIAgkCCgILAfQB9QH2AfcB+AH5AjsCDQIOAg8CEAT4AhECEwIUAhUCFwIZAnYDMQMyAzMDNAM1AzYDNwM4AzkDOgM7AzwDPQM+Az8DQANBA0IDQwNEA0UDRgNHA0gDSQNKA0sDTAOCA00DTgNPA1ADUQNSA1MDVANVA1YDVwNYA1kDWgNbA1wDXQNeA18DYANhA2IE/wNkA2UDZgNnA2gDaQNqA2sDbANtA24DbwNwA3EDcgNzA3QDdQUCA3YDdwN5A3gDegN7A3wDfQN+A38DgAOBA4MDhAOFBQAFAQTLBMwEzQTOBNgE2wTZBNoE3wTgBOEEzwTQBNEE6gTtBO4E8QTzBPQCAQT2BOIE4wTkBOUE5gTnBOgE6QUDBQQFBQUGBPcE+QT6AhgE/AIaBP0E+wIWAgwCEgULBQwAAQDrAAoARQBGAEcASABJAEoASwBMAE0ATgBPAFAAUQBSAFMAVABVAFYAVwBYAFkAWgBbAFwAXQBeAIUAhgCHAIkAigCLAI0AkACSAJQAuwC8AL0AvgC/AMAAwQDCAMMAxADFAMYAxwDIAMkAygDLAMwAzQDOAOoA6wDsAO0A7gDvAPAA8QDyAPMA9AD1APYA9wD4APkA+gD7APwA/QD+AP8BAAEBAQIBAwEEAQUBBgEHATABNAE2ATgBOgE8AUIBRAFGAUoBTQFaAnwCfgKaApsCnAKdAp4CnwKgAqECogKjAqQCpQKmAqcCqAKpAqoCqwKsAq0CrgKvArACsQKyArMCtAK1ArcCuQK7Ar0CvwLBAsMCxQLHAskCywLNAs8C0QLTAtUC1wLZAtsC3QLfAuEC5ALmAugC6gLsAu4C8ALyAvQC9gL5AvsC/QL/AwEDAwMFAwcDCQMLAw0DDwMRAxMDFQMXAxkDGwMdAx8DIQMjAyYDKAMqAywDLgOeA58DoAOhA6MDpAOlA6YDpwOoA6kDqgOrA6wDwwPEA8UDxgPHA8gDyQPKA8sDzAPNA84DzwPQA9ED0gPUA9YD2APaA+8D8QPzBAEECAQOBBQEfgR/BIMEhwUIBQoABgAAAAYAEgAqAEIAWgByAIoAAwAAAAEAEgABAJAAAQAAAAMAAQABAE0AAwAAAAEAEgABAHgAAQAAAAMAAQABAE4AAwAAAAEAEgABAGAAAQAAAAMAAQABAuEAAwAAAAEAEgABAEgAAQAAAAMAAQABA84AAwAAAAEAEgABADAAAQAAAAMAAQABA9AAAwAAAAEAEgABABgAAQAAAAMAAQABBEkAAgACAKgArAAAASQBJwAFAAEAAAABAAgAAgASAAYCYQJfAmICYwJgBQ0AAQAGAE0ATgLhA84D0ARJAAQAAAABAAgAAQYyADYAcgCkAK4AuADKAPwBDgEYAUoBZAF+AZABugH2AgACIgI8Ak4CigKcArYC4ALyAyQDLgM4A0oDfAOGA5ADmgO0A84D4AQKBDwERgRoBIIElATGBNgE8gUcBS4FOAVCBUwFVgWABaoF1AX+BigABgAOABQAGgAgACYALAKAAAIAqQQeAAIArQJ/AAIAqAQgAAIAqwKCAAIAqgSZAAIArAABAAQEpgACAK0AAQAEArwAAgCpAAIABgAMBKoAAgG6BKgAAgCtAAYADgAUABoAIAAmACwCiAACAKkENgACAK0ChwACAKgEOAACAKsEOgACAKoEmwACAKwAAgAGAAwElQACAKkC1gACAboAAQAEBKwAAgCtAAYADgAUABoAIAAmACwCjAACAKkESAACAK0CiwACAKgERgACAKsC2gACAKoEnQACAKwAAwAIAA4AFASuAAIAqQLnAAIBugSwAAIArQADAAgADgAUAukAAgCpAusAAgG6BLIAAgCtAAIABgAMA+AAAgCpBLQAAgCtAAUADAASABgAHgAkAvEAAgCpAvMAAgG6BLYAAgCtBJcAAgCoAo8AAgCqAAcAEAAYAB4AJAAqADAANgS4AAMAqgCpApEAAgCpBEoAAgCtApAAAgCoBEwAAgCrApMAAgCqBJ8AAgCsAAEABAS5AAIAqQAEAAoAEAAWABwC/gACAKkDAAACAboEuwACAK0EoQACAKwAAwAIAA4AFAMEAAIAqQMKAAIBugS9AAIArQACAAYADAMOAAIBugS/AAIArQAHABAAGAAeACQAKgAwADYEwQADAKoAqQKWAAIAqQRiAAIArQKVAAIAqARkAAIAqwMUAAIAqgSjAAIArAACAAYADATEAAIArQTCAAIAqgADAAgADgAUA9UAAgCpBMYAAgCtA9MAAgCoAAUADAASABgAHgAkApkAAgCpBHAAAgCtA9kAAgCoBHIAAgCrBHQAAgCqAAIABgAMAyUAAgCpBMgAAgCtAAYADgAUABoAIAAmACwCmwACAKkEHwACAK0CmgACAKgEIQACAKsCnQACAKoEmgACAKwAAQAEBKcAAgCtAAEABAK9AAIAqQACAAYADASrAAIBugSpAAIArQAGAA4AFAAaACAAJgAsAqMAAgCpBDcAAgCtAqIAAgCoBDkAAgCrBDsAAgCqBJwAAgCsAAEABASWAAIAqQABAAQErQACAK0AAQAEBEkAAgCtAAMACAAOABQErwACAKkC6AACAboEsQACAK0AAwAIAA4AFALqAAIAqQLsAAIBugSzAAIArQACAAYADAPhAAIAqQS1AAIArQAFAAwAEgAYAB4AJALyAAIAqQL0AAIBugS3AAIArQSYAAIAqAKqAAIAqgAGAA4AFAAaACAAJgAsAqwAAgCpBEsAAgCtAqsAAgCoBE0AAgCrAq4AAgCqBKAAAgCsAAEABAS6AAIAqQAEAAoAEAAWABwC/wACAKkDAQACAboEvAACAK0EogACAKwAAwAIAA4AFAMFAAIAqQMLAAIBugS+AAIArQACAAYADAMPAAIBugTAAAIArQAGAA4AFAAaACAAJgAsArEAAgCpBGMAAgCtArAAAgCoBGUAAgCrAxUAAgCqBKQAAgCsAAIABgAMBMUAAgCtBMMAAgCqAAMACAAOABQD1gACAKkExwACAK0D1AACAKgABQAMABIAGAAeACQCtAACAKkEcQACAK0D2gACAKgEcwACAKsEdQACAKoAAgAGAAwDJgACAKkEyQACAK0AAQAEAysAAgCpAAEABAMtAAIAqQABAAQDLAACAKkAAQAEAy4AAgCpAAUADAASABgAHgAkAqcAAgCpAqYAAgCoBEcAAgCrAtsAAgCqBJ4AAgCsAAUADAASABgAHgAkBFgAAgCpBGAAAgCtBFoAAgCoBFwAAgCrBF4AAgCqAAUADAASABgAHgAkBFkAAgCpBGEAAgCtBFsAAgCoBF0AAgCrBF8AAgCqAAUADAASABgAHgAkBGYAAgCpBG4AAgCtBGgAAgCoBGoAAgCrBGwAAgCqAAUADAASABgAHgAkBGcAAgCpBG8AAgCtBGkAAgCoBGsAAgCrBG0AAgCqAAEABASlAAIAqQACABEAJQApAAAAKwAtAAUALwA0AAgANgA7AA4APQA+ABQARQBJABYASwBNABsATwBUAB4AVgBbACQAXQBeACoAgQCBACwAgwCDAC0AhgCGAC4AiQCJAC8AjQCNADAAmACbADEA0ADQADUAAQAAAAEACAABAAYAAgABAAIDCAMJAAEAAAABAAgAAgASAAYFBwUIBQkFCgULBQwAAQAGAroCuwLMAs0DTwNYAAEAAAABAAgAAQAGAAEAAQABAXsABAAAAAEACAABAEAAAQAIAAIABgAOAb4AAwBKAE0BvAACAE0ABAAAAAEACAABABwAAQAIAAIABgAOAb8AAwBKAFABvQACAFAAAQABAEoABAAAAAEACAABACoAAwAMABYAIAABAAQBuwACAEoAAQAEAcEAAgBYAAEABAHAAAIAWAABAAMASgBXAJUAAQAAAAEACAABAAYB3gABAAEASwABAAAAAQAIAAEABgFvAAEAAQC7AAEAAAABAAgAAQAGAfUAAQABADYAAQAAAAEACAACABwAAgIsAi0AAQAAAAEACAACAAoAAgIuAi8AAQACAC8ATwABAAAAAQAIAAIAHgAMAkUCRwJGAkgCSQJnAmgCaQJqAmsCbAJtAAEADAAnACgAKwAzADUARgBHAEgASwBTAFQAVQABAAAAAQAIAAIADAADAm4CbwJvAAEAAwBJAEsCagABAAAAAQAIAAIALgAUAloCXgJYAlUCVwJWAlsCWQJdAlwCTwJKAksCTAJNAk4AGgAcAlMCZQACAAQAFAAdAAACZgJmAAoCcAJwAAsEjQSUAAwAAQAAAAEACAACAC4AFASUAnAEjQSOBI8EkASRAmYEkgSTAkwCTgJNAksCTwJlABoCUwAcAkoAAgACABQAHQAAAlUCXgAKAAEAAAABAAgAAgAuABQCWwJdAl4CWAJVAlcCVgJZAlwCWgAbABUAFgAXABgAGQAaABwAHQAUAAEAFAAaABwCSgJLAkwCTQJOAk8CUwJlAmYCcASNBI4EjwSQBJEEkgSTBJQAAQAAAAEACAACAC4AFASRBJICcASNBI4EjwSQAmYEkwAXABkAGAAWABsAFAAaAB0AHAAVBJQAAgAGABoAGgAAABwAHAABAkoCTwACAlMCUwAIAlUCXgAJAmUCZQATAAEAAAABAAgAAQAGAYEAAQABABMABgAAAAEACAADAAEAEgABAGwAAAABAAAAGAACAAMBlAGUAAABxQHHAAECHwIlAAQAAQAAAAEACAACADwACgHHAcYBxQIfAiACIQIiAiMCJAIlAAEAAAABAAgAAgAaAAoCPgB6AHMAdAI/AkACQQJCAkMCRAACAAEAFAAdAAA=);
}
@font-face {
  font-family: 'Roboto';
  src: url(data:font/ttf;base64,AAEAAAASAQAABAAgR0RFRrRCsIIAAiJcAAACYkdQT1P/GhLXAAIkwAAAXcxHU1VC64LkWQACgowAABWQT1MvMpcesZEAAgRYAAAAYGNtYXABd1geAAIJ0AAAEkZjdnQgL7sEngACHxAAAABYZnBnbX/6IqsAAhwYAAABvGdhc3AACAATAAIiUAAAAAxnbHlmvP+FBAAAASwAAeRWaGRteEdgUnAAAgS4AAAFGGhlYWT8WdJpAAHvxAAAADZoaGVhCqkKlwACBDQAAAAkaG10eFXSvT8AAe/8AAAUOGxvY2EV9pZ0AAHlpAAACh5tYXhwBz4DXAAB5YQAAAAgbmFtZT1RbSwAAh9oAAACyHBvc3T/bQBkAAIiMAAAACBwcmVwei8PVwACHdQAAAE6AAUAZAAAAygFsAADAAYACQAMAA8Ab7IMEBEREjmwDBCwANCwDBCwBtCwDBCwCdCwDBCwDdAAsABFWLACLxuxAh4+WbAARViwAC8bsQAOPlmyBAIAERI5sgUCABESObIHAgAREjmyCAIAERI5sArcsgwCABESObINAgAREjmwAhCwDtwwMSEhESEDEQEBEQEDIQE1ASEDKP08AsQ2/u7+ugEM5AID/v4BAv39BbD6pAUH/X0Cd/sRAnj9XgJeiAJeAAIAmf/4AT4FsAADAA0APLIGDg8REjmwBhCwANAAsABFWLACLxuxAh4+WbAARViwDC8bsQwOPlmxBgWwCitYIdgb9FmwAdCwAS8wMQEjAzMDNDYyFhUUBiImARxvBnyKLEwtLUwsAZUEG/qWIi8vIiEtLQAAAgCPBDsB3wYAAAQACQAVALADL7AC0LACL7AH0LADELAI0DAxEwMjEzMXAyMTM/MUUANh7BRRBGEFdP7HAcWM/scBxQACAFUAAASxBbAAGwAfAJEAsABFWLAMLxuxDB4+WbAARViwEC8bsRAePlmwAEVYsAIvG7ECDj5ZsABFWLAaLxuxGg4+WbIdDAIREjl8sB0vGLEAA7AKK1gh2Bv0WbAE0LAdELAG0LAdELAL0LALL7EIA7AKK1gh2Bv0WbALELAO0LALELAS0LAIELAU0LAdELAW0LAAELAY0LAIELAe0DAxASEDIxMjNSETITUhEzMDIRMzAzMVIwMzFSEDIwMhEyEC8f7GTWNN/wEQU/7pASlPY08BO09kT+X3U//+701k3AE7U/7FAZr+ZgGaXQG5YAGg/mABoP5gYP5HXf5mAfcBuQABAHP/MAP9Bo0AKwB7sgMsLRESOQCwCi+wAEVYsAkvG7EJHj5ZsABFWLAMLxuxDB4+WbAARViwIC8bsSAUPlmwAEVYsCIvG7EiDj5ZsgIiCRESObAJELETAbAKK1gh2Bv0WbACELEZAbAKK1gh2Bv0WbAiELAf0LAiELEpAbAKK1gh2Bv0WTAxATQmJyYmNTQ2NzUzFRYWFSM0JiMiBhUUFgQWFhUUBgcVIzUmJjUzFBYzMjYDhZC24rbIrGawwXejjY6fkgFfn0/Ns2XJ3Hi2o46zAWdvjT9Hw5ujyw7KyhDox525lXx4h3dtlWikyQ6+vQ3jxZyxmAAABQBt/+sFhAXFAAwAGgAmADQAOABuALA1L7A3L7AARViwAi8bsQIePlmwAEVYsCQvG7EkDj5ZsAIQsArQsAovsRAEsAorWCHYG/RZsAIQsRcEsAorWCHYG/RZsCQQsB3QsB0vsCQQsSoEsAorWCHYG/RZsB0QsTEEsAorWCHYG/RZMDETNDYyFhUVFAYjIiY1FxQWMzI2NTU0JiMiBhUBNDYyFhUVFAYiJjUXFBYzMjY1NTQmIyIGFQUnARdtofihn3x7pGFnV1VlaFRTaQJ8ofajofajYGdXVmVnVlRo/ghLAsdLBJiCq6uIR4CrqIoHXXh5YEldeXhk/NOCqqmKR4KqqYgFXnh5YklgdXZj6DAEcjAAAwBs/+wEzwXEAB4AKQA1AHuyLTY3ERI5sC0QsBfQsC0QsCDQALAARViwBi8bsQYePlmwAEVYsBMvG7ETDj5ZsABFWLAYLxuxGA4+WbINBhMREjmyFQYTERI5sh4GExESObEfAbAKK1gh2Bv0WbIkBhMREjmyLAYTERI5sAYQsTMBsAorWCHYG/RZMDEBJiY1NDYzMhYVFAcHATY1MxQHFyMnBgYjIiY1NDY3EzI2NwEnBwYVFBYDFBc3NjY1NCYjIgYBlFdPtpmLrKagAZBbb4DHkH5Pz3PQ9H2dqlurRP5pDi7EtDGHg0BSbFpidAMaaaVRmbKhfJCLfP4uk7r4q+iSTljVsmq9dv1BTUcB2A8joJaDnwQseqZkLm5KTml+AAABAHcEQgDiBgAABQAMALAEL7AC0LACLzAxEwMjEjUz4hFaBWYFc/7PASiWAAEAjP4qAm0GYAASABCyCBMUERI5ALAEL7APLzAxEzQSEjcXDgICFRQSEhcHJgICjHDYfB1CgmY/X6ZkHX/YbQJM2gGbAVVKUS+0+P7LxNH+fv7ZSk1MAVMBlwAAAQAh/ioCAgZgABEAELIHEhMREjkAsAQvsA4vMDEBFAICByc2EhI1NAICJzcWEhICAm3WgR1ip2BgqWAdftZwAj3c/mn+rk5NRgEmAYflzwGBAS9FTU3+rv5kAAABAB0CfQNKBbAADgAgALAARViwBC8bsQQePlmwANAZsAAvGLAJ0BmwCS8YMDEBJTcFAzMDJRcFEwcDAycBaf60IAFMBGgIAUQh/rPfVdbMVQPobGV7AXL+i39lc/7aPwEx/tE9AAABAEsAkgQxBLYACwAbALAJL7AA0LAJELEGAbAKK1gh2Bv0WbAD0DAxASEVIREjESE1IREzAnYBu/5Fef5OAbJ5AuRw/h4B4nAB0gAAAQA8/vABDwC8AAcAEgCwCC+xBAWwCitYIdgb9FkwMRMnNjc1MxUUg0dbA3X+8DR6g5t90AAAAQAxAlACEAK1AAMAEgCwAi+xAQGwCitYIdgb9FkwMQEhNSECEP4hAd8CUGUAAAEAkf/4ATwAnAAIABwAsABFWLAHLxuxBw4+WbECBbAKK1gh2Bv0WTAxNzQ2MhYUBiImkS1QLi5QLUgjMTFGLS0AAAEAHv+DAuoFsAADABMAsAAvsABFWLACLxuxAh4+WTAxFyMBM4ttAmBsfQYtAAACAHj/7AP3BcQADQAbAEiyChwdERI5sAoQsBHQALAARViwCi8bsQoePlmwAEVYsAMvG7EDDj5ZsAoQsREBsAorWCHYG/RZsAMQsRgBsAorWCHYG/RZMDEBEAIjIgIDERASMzISEwc0AiMiBgcRFBIzMhI3A/fi3NjmA+Tb2OQEeKOloqQCqaGgpQECX/7M/sEBOQErAQUBMwE8/s/+1wb6AQD69P7i+f74AQL5AAABALIAAAK2BbUABgA6ALAARViwBS8bsQUePlmwAEVYsAAvG7EADj5ZsgQABRESObAEL7EDAbAKK1gh2Bv0WbICAwUREjkwMSEjEQU1JTMCtnj+dAHwFAUgk3C4AAEAaQAABBkFxAAZAFCyCRobERI5ALAARViwES8bsREePlmwAEVYsAAvG7EADj5ZsRgBsAorWCHYG/RZsALQsgQRABESObARELEJAbAKK1gh2Bv0WbIWEQAREjkwMSEhNQE2NjU0JiMiBhUjNDY2MzIWFRQGBwEhBBn8cAHzfGCijpO1d2/Ng8jhf6D+agL9XAI2j7pYiqG8lnvKc9K1ZvK1/jUAAQBi/+wD9AXEACsAgbIcLC0REjkAsABFWLAQLxuxEB4+WbAARViwHC8bsRwOPlmyARwQERI5sAEvsl8BAV2yLwEBXbRPAV8BAnGwEBCxCAGwCitYIdgb9FmyCxAcERI5sAEQsSoBsAorWCHYG/RZshYqARESObIhHBAREjmwHBCxJAGwCitYIdgb9FkwMQEzMjY2NTQmIyIGFSM0NjYzMhYVFAYHFhYVFAYjIiYmNTMUFjMyNjU0JiMjAZN8Z5pRnpSMs3hyynvG5IV0iIz0zILZd3jCmJutu7Z4AxlJf1OMnqWHcbtm2LxpsSwmuYC75Gi7fIuvn5eSmgAAAgBDAAAESwWwAAoADgBKALAARViwCS8bsQkePlmwAEVYsAQvG7EEDj5ZsgEJBBESObABL7ECAbAKK1gh2Bv0WbAG0LABELAL0LIIBgsREjmyDQkEERI5MDEBMxUjESMRITUBMwEhEQcDaOPjeP1TAqKD/W4CGjUB1WX+kAFwRAP8/CUDQFwAAAEAqP/sBBYFsAAdAGmyGh4fERI5ALAARViwAS8bsQEePlmwAEVYsA0vG7ENDj5ZsAEQsQMBsAorWCHYG/RZsgcBDRESObAHL7IRDQEREjmwDRCxFAGwCitYIdgb9FmwBxCxGgGwCitYIdgb9FmyHQENERI5MDETEyEVIQM2MzISFRQGIyImJzMWFjMyNjU0JiMiBgfaRwLY/Y8zdZ3F6uTPvuwRcxGoj5yfsppVfkYC6gLGb/4UUP8A1eb+1L+Vmca3oMorPgAAAgCC/+wECAW7ABYAIwBlsgMkJRESObADELAX0ACwAEVYsAAvG7EAHj5ZsABFWLAPLxuxDw4+WbAAELEBAbAKK1gh2Bv0WbIIAA8REjmwCC+yBQgPERI5sRcBsAorWCHYG/RZsA8QsR4BsAorWCHYG/RZMDEBFSMgAAM2NjMyEhUUBgYjIgA1NRAAJQMiBgcVFBYzMjY1NCYDSw7++/7UEDy6c8DjasZ/0f76AWQBR9tyxSHDnIytrQW7af7N/u9TW/731o7kfwEv8HgBhwGtBP2ah2hmvvDeqazQAAEATQAABAoFsAAGADMAsABFWLAFLxuxBR4+WbAARViwAS8bsQEOPlmwBRCxAwGwCitYIdgb9FmyAAMFERI5MDEBASMBITUhBAr9kn0CavzEA70Fa/qVBUpmAAMAav/sBAkFxAAWACAALACDsiQtLhESObAkELAJ0LAkELAe0ACwAEVYsBQvG7EUHj5ZsABFWLAJLxuxCQ4+WbIqCRQREjmwKi+yXyoBXbIvKgFdtE8qXyoCcbEaAbAKK1gh2Bv0WbIDKhoREjmyDxoqERI5sAkQsR4BsAorWCHYG/RZsBQQsSQBsAorWCHYG/RZMDEBFAYHFhYVFAYjIiY1NDY3JiY1NDYgFgM0JiAGEBYzMjYDNCYjIgYVFBYzMjYD44Rsfpj+0dP9kn9sgOkBgOtSwv7SwLqfm7wmrYaIqamJh6sEOXGzKivAfrvb2rx8wisqs3G11tj8lYivrP7qpaQDRX2noYOAnJ0AAAIAZf/1A+wFxAAXACQAYbIfJSYREjmwHxCwC9AAsABFWLALLxuxCx4+WbAARViwEi8bsRIOPlmyAxILERI5sAMvsBIQsRQBsAorWCHYG/RZsAMQsRgBsAorWCHYG/RZsAsQsR8BsAorWCHYG/RZMDEBBgYjIiYmNTQ2NjMyEhEVEAAhIzczJAAlMjY3NTQmIyIGFRQWA3RAvm98vmhvx4Lb9P6w/qcWASoBBQEQ/ql4vyi5nY62rwKiXmeA4oaQ7IP+zf7mbP52/nRoBAEgw49yRd715a6n3wD//wB///gBLAQ3ACYAEu4AAAcAEv/wA5v//wA8/vABIQQ3ACcAEv/lA5sABgAQAAAAAQBNAOUDiAQ7AAYAPLIABwgREjkAsABFWLAFLxuxBRo+WbICBwUREjmwAi+xAQGwCitYIdgb9FmwBRCxBgGwCitYIdgb9FkwMRMBFQE1ARXQArj8xQM7Ao/+1H4Be2EBen4AAAIAlQGiA9cDpwADAAcAJwCwBy+wA9CwAy+xAAGwCitYIdgb9FmwBxCxBAGwCitYIdgb9FkwMQEhNSERITUhA9f8vgNC/L4DQgM9av37agAAAQB8AOcDyQQ9AAYAMgCwAEVYsAIvG7ECGj5ZsQEBsAorWCHYG/RZsgUHAhESObAFL7EGAbAKK1gh2Bv0WTAxAQE1ARUBNQND/TkDTfyzApMBL3v+hmH+hXwAAgBU//gDSwXEABgAJABLsgklJhESObAJELAd0ACwAEVYsBAvG7EQHj5ZsABFWLAiLxuxIg4+WbEcBbAKK1gh2Bv0WbAA0LAAL7AQELEJAbAKK1gh2Bv0WTAxAT4ENTQmIyIGByM2NjMyFhUUBgcGFQM0NjMyFhUUBiMiJgF4AjzGOR+Fd3iTAncC2qisx2KJcYcrJyYtLSYnKwGUdpDDUWE+fY+JdaTFyaxsvX5ftf6yIi8vIiEtLQAAAgBx/jsG5gWMADYAQgCAsiRDRBESObAkELBA0ACwKy+wMy+wAEVYsAQvG7EEDj5ZsABFWLAJLxuxCQ4+WbIHMwQREjmyEDMEERI5sBAvsAkQsToDsAorWCHYG/RZsBfQsDMQsR0CsAorWCHYG/RZsCsQsSQCsAorWCHYG/RZsBAQsT8CsAorWCHYG/RZMDEBDgIjIiYnBiMiJjc+AjMyFhcDBhYzMjY3EgAhIgQCAhIEMzI2NxcGBiMiJAITEhIkMzIEEgEWFjMyNxMmIyIGAgbaBWKtcmF6FGy+jIoSD3e/bU10TTMKT1d7mQkT/qb+odP+rcQYnQE921yyPB85zGj6/pizDAzdAYD1/wFiqvu7C1pKuVgtQ1tvo0wCAZP7h2ZcwvLNo/+PK0H9xnSA8c4BlQGZ0/5+/gj+gc4sI1AmM+EBpwEbARYBrevV/mb+AWRt/wIEMbH+yQAAAgAeAAAE4QWwAAcACgBUsgoLDBESObAKELAE0ACwAEVYsAQvG7EEHj5ZsABFWLACLxuxAg4+WbAARViwBi8bsQYOPlmyCAQCERI5sAgvsQABsAorWCHYG/RZsgoEAhESOTAxASEDIwEzASMBIQEDyv1rloECJ3UCJ4D8+gJI/twBmP5oBbD6UAIBAxkAAAMAuAAABHYFsAAOABcAIABwsgIhIhESObACELAR0LACELAf0ACwAEVYsAEvG7EBHj5ZsABFWLAALxuxAA4+WbIYAQAREjmwGC+yLxgBXbEPAbAKK1gh2Bv0WbIIDxgREjmwABCxEAGwCitYIdgb9FmwARCxHwGwCitYIdgb9FkwMTMRITIWFRQGBxYWFRQGIwERITI2NTQmIyUhNjY1NCYjIbgBrurye2t/m/ne/pQBcZ65sZz+hQFQmqmvsf7NBbDBvHGnJBzCf8HZArz9rKGPh51nA4uFjIUAAQCD/+wEvwXEABwAQrIDHR4REjkAsABFWLAMLxuxDB4+WbAARViwAy8bsQMOPlmwDBCxEgGwCitYIdgb9FmwAxCxGQGwCitYIdgb9FkwMQEGBCMiJgInNTQSNjMyBBcjAiEiAhEVFBIzMjY3BL8Z/unoovmIAYj/puoBDxZ8Lv6bxuvlw8HEFwHG5vSiASm/vcIBLKP93wFz/tj++7L8/tS5uQACALgAAAS9BbAACwAVAEiyFRYXERI5sBUQsALQALAARViwAS8bsQEePlmwAEVYsAAvG7EADj5ZsAEQsQwBsAorWCHYG/RZsAAQsQ0BsAorWCHYG/RZMDEzESEyBBIVFRQCBCMBESEyABE1NAAnuAGXswEcn57+4br+7QEU5gEW/u7gBbCj/tDChsP+0qQFR/shATEBBID7AS4BAAABALgAAARCBbAACwBWALAARViwBi8bsQYePlmwAEVYsAQvG7EEDj5ZsgsGBBESObALL7IvCwFdsQABsAorWCHYG/RZsAQQsQIBsAorWCHYG/RZsAYQsQgBsAorWCHYG/RZMDEBIREhFSERIRUhESED3P1XAw/8dgOF/PYCqQK6/a5oBbBp/dsAAQC4AAAEPgWwAAkARACwAEVYsAQvG7EEHj5ZsABFWLACLxuxAg4+WbIJBAIREjl8sAkvGLEAAbAKK1gh2Bv0WbAEELEGAbAKK1gh2Bv0WTAxASERIxEhFSERIQPa/Vl7A4b89QKnAqj9WAWwaf3KAAEAkf/sBNMFxAAiAF+yCyMkERI5ALAARViwCy8bsQsePlmwAEVYsAMvG7EDDj5Zsg8DCxESObALELESAbAKK1gh2Bv0WbADELEaAbAKK1gh2Bv0WbIiCwMREjmwIi+xHwGwCitYIdgb9FkwMSUGBCMiJAInNRAAITIEFyMmJiMiAhEVFBYWMzI3NjcRITUhBNNA/u+pq/72kgEBMgEC4QESGnsbz6fM7nHTiZ9ySiT+eQICrVtmpAEswrgBLwFf5cmgpf7e/vispv+MMiEsAXhoAAEAuAAABO8FsAALAFIAsABFWLAGLxuxBh4+WbAARViwCi8bsQoePlmwAEVYsAAvG7EADj5ZsABFWLAELxuxBA4+WbIJBgAREjmwCS+yLwkBXbECAbAKK1gh2Bv0WTAxISMRIREjETMRIREzBO98/MB7ewNAfAK6/UYFsP1yAo4AAQDTAAABTgWwAAMAHQCwAEVYsAIvG7ECHj5ZsABFWLAALxuxAA4+WTAxISMRMwFOe3sFsAAAAQBH/+wDtwWwAA8AMLIFEBEREjkAsABFWLAALxuxAB4+WbAARViwBS8bsQUOPlmxDAGwCitYIdgb9FkwMQEzERQGIyImNTMUFjMyNjcDO3zvydTke6aXi68CBbD8Ac/23seen7ieAAABALgAAATnBbAACwBMsgkMDRESOQCwAEVYsAQvG7EEHj5ZsABFWLAHLxuxBx4+WbAARViwAi8bsQIOPlmwAEVYsAovG7EKDj5ZsgAEAhESObIGBAIREjkwMQEHESMRMxEBMwEBIwIAzXt7Auqb/Z4CkZYC08r99wWw/O8DEf14/NgAAQC4AAAEAwWwAAUAKQCwAEVYsAQvG7EEHj5ZsABFWLACLxuxAg4+WbEAAbAKK1gh2Bv0WTAxJSEVIREzATQCz/y1fGhoBbAAAQC4AAAGMwWwAA4AWQCwAEVYsAAvG7EAHj5ZsABFWLACLxuxAh4+WbAARViwBC8bsQQOPlmwAEVYsAgvG7EIDj5ZsABFWLAMLxuxDA4+WbIBAAQREjmyBwAEERI5sgoABBESOTAxCQIzESMREwEjARMRIxEBWwIZAhukewr94l/95Ap7BbD6+wUF+lACegKK+vwE//1//YIFsAAAAQC4AAAE9AWwAAkATLIBCgsREjkAsABFWLAFLxuxBR4+WbAARViwCC8bsQgePlmwAEVYsAAvG7EADj5ZsABFWLADLxuxAw4+WbICBQAREjmyBwUAERI5MDEhIwERIxEzAREzBPR7/Lt8fANGegTe+yIFsPshBN8AAgB9/+wE7AXEAA8AHQBIsgQeHxESObAEELAT0ACwAEVYsAsvG7ELHj5ZsABFWLAELxuxBA4+WbALELETAbAKK1gh2Bv0WbAEELEaAbAKK1gh2Bv0WTAxARQCBCMiABE1NBIkIAQSFwcQAiMiAhEVEBIzMhIRBOyL/v6p//7GjQECAVABAYwDe+7Py/HwztHqAonJ/tCkAW0BNpbHATOlov7YwxABBwEq/tX+9Jj+/f7RASsBCwACALgAAASSBbAACgATAE+yChQVERI5sAoQsAzQALAARViwAy8bsQMePlmwAEVYsAEvG7EBDj5ZsgsDARESObALL7EAAbAKK1gh2Bv0WbADELESAbAKK1gh2Bv0WTAxAREjESEyBBUUBiMlITI2NTQmJyEBM3sB8OMBB/3w/o4BdbO8u6z+gwJR/a8FsOjLzd9oqpiXswIAAAIAef8CBOgFxAAVACMASLIIJCUREjmwCBCwINAAsABFWLARLxuxER4+WbAARViwCC8bsQgOPlmwERCxGQGwCitYIdgb9FmwCBCxIAGwCitYIdgb9FkwMQEUAgcFBwEGIyIkAic1NBIkMzIEEhUnEAIjIgIRFRASMzISEQTok4gBCVX+11JVpv79jgGNAQKnqgECjXvu0Mrx787Q7AKJ0P7LT+dMAQEXpAEtxaPHATOlpP7OyAEBBwEq/tX+9Jj+/f7RASoBCwAAAgC1AAAEuwWwAA4AFwBjshYYGRESObAWELAF0ACwAEVYsAQvG7EEHj5ZsABFWLACLxuxAg4+WbAARViwDS8bsQ0OPlmyEAQCERI5sBAvsQABsAorWCHYG/RZsgsABBESObAEELEWAbAKK1gh2Bv0WTAxASERIxEhMgQVFAYHARUjASEyNjU0JiMhAtj+WXwB2ekBBqSKAWyD/PkBeZu8xLH+pQJe/aIFsOLLjNYp/ZUNAsewjJqqAAEAWP/sBGwFxAAnAGayCSgpERI5ALAARViwCS8bsQkePlmwAEVYsB0vG7EdDj5ZsgIdCRESObIOCR0REjmwCRCxEQGwCitYIdgb9FmwAhCxFwGwCitYIdgb9FmyIh0JERI5sB0QsSUBsAorWCHYG/RZMDEBNCYkJyY1NCQzMhYWFSM0JiMiBhUUFgQWFhUUBCMiJCY1MxQWMzI2A/Cq/jxolAET1pHlfnzMrKfGsgGIymb+7eGa/v+Fe+a/qs4BZnmNf0tqrKfRcMh7lbWVeG+Ma3OgbazQbsaAmrKWAAEANAAABJQFsAAHAC8AsABFWLAGLxuxBh4+WbAARViwAi8bsQIOPlmwBhCxAAGwCitYIdgb9FmwBNAwMQEhESMRITUhBJT+DXv+DgRgBUf6uQVHaQAAAQCi/+wEowWwABEAPbIFEhMREjkAsABFWLAALxuxAB4+WbAARViwCS8bsQkePlmwAEVYsAUvG7EFDj5ZsQ4BsAorWCHYG/RZMDEBEQ4CIyIkJxEzERQWIDY1EQSjAYDpl+b+6wV60gFo0QWw/B6T2nX73gPr/Ce4y8y2A9oAAQAfAAAE0QWwAAgAMQCwAEVYsAMvG7EDHj5ZsABFWLAHLxuxBx4+WbAARViwBS8bsQUOPlmyAQMFERI5MDElFzcBMwEjATMCbwgJAcqH/eJ2/eKGtB8fBPz6UAWwAAEAPQAABvcFsAASAFkAsABFWLADLxuxAx4+WbAARViwCC8bsQgePlmwAEVYsBEvG7ERHj5ZsABFWLAKLxuxCg4+WbAARViwDy8bsQ8OPlmyAQMKERI5sgYDChESObINAwoREjkwMQEXNwEzARc3ATMBIwEnBwEjATMBxS03ATxvATg2MAEHfv6Ldv62JST+rnb+jH4BieLYBDH7z9rkBCf6UARzkJD7jQWwAAABADcAAASvBbAACwBTALAARViwAS8bsQEePlmwAEVYsAovG7EKHj5ZsABFWLAELxuxBA4+WbAARViwBy8bsQcOPlmyAAEEERI5sgYBBBESObIDAAYREjmyCQYAERI5MDEBATMBASMBASMBATMCcwGak/4eAfGU/lj+VpIB8v4dkwNIAmj9Mv0eAnz9hALiAs4AAAEAGAAABK4FsAAIADEAsABFWLABLxuxAR4+WbAARViwBy8bsQcePlmwAEVYsAQvG7EEDj5ZsgABBBESOTAxAQEzAREjEQEzAmMBvY798nv985IClgMa/HT93AIkA4wAAAEAWgAABHIFsAAJAEYAsABFWLAHLxuxBx4+WbAARViwAi8bsQIOPlmxAAGwCitYIdgb9FmyBAACERI5sAcQsQUBsAorWCHYG/RZsgkFBxESOTAxNyEVITUBITUhFe8Dg/voA2D8ugPeaGhdBOppWAABAKP+yAHtBoAABwAkALAEL7AHL7EAAbAKK1gh2Bv0WbAEELEDAbAKK1gh2Bv0WTAxASMRMxUhESEB7dLS/rYBSgYa+RRmB7gAAAEAMP+DAwUFsAADABMAsAIvsABFWLAALxuxAB4+WTAxEzMBIzB1AmB1BbD50wABAAD+yAFLBoAABwAnALACL7ABL7ACELEFAbAKK1gh2Bv0WbABELEGAbAKK1gh2Bv0WTAxESERITUzESMBS/6109MGgPhIZgbsAAEATQLZAvwFsAAGACuyAAcIERI5ALAARViwAy8bsQMePlmyAQcDERI5sAEvsgADARESObAF0DAxAQMjATMBIwGl5HQBK1oBKnQFEv3HAtf9KQABAAH/mwNyAAAAAwAcALAARViwAy8bsQMOPlmxAAGwCitYIdgb9FkwMQUhNSEDcvyPA3FlZQABAGcE6AG2BgAAAwAfALABL7AD0LADL7QPAx8DAl2yAAEDERI5GbAALxgwMQEjAzMBtm3ikAToARgAAgBk/+wDxwROAB4AKQCIshcqKxESObAXELAg0ACwAEVYsBcvG7EXGj5ZsABFWLAALxuxAA4+WbAARViwBS8bsQUOPlmyAhcAERI5sgwXABESObAML7QvDD8MAl2wFxCxEAGwCitYIdgb9FmyExcMERI5fLATLxiwBRCxHwGwCitYIdgb9FmwDBCxIwGwCitYIdgb9FkwMSEmJwYGIyImNTQkMzM1NCYjIgYVJzQ2MzIWFxEUFxUlMjY3NSMGBhUUFgNHEgU/w22cwQEH69mPiX2kePCvtdEDIf4IeL0r1rPKhzNkUlmuhZ64e3SFgFoBgb21ov4AnU4MVnRh7gJ/b1t4AAACAJv/7AQDBgAADwAbAGayExwdERI5sBMQsAzQALAIL7AARViwDC8bsQwaPlmwAEVYsAYvG7EGDj5ZsABFWLADLxuxAw4+WbIFDAYREjmyCgwGERI5sAwQsRMBsAorWCHYG/RZsAMQsRkBsAorWCHYG/RZMDEBFAIjIicHIxEzETYzMhIRJzQmIyIGBxEWMzI2BAPgveJ0BXB3cuDA33iml3OgKVrklKcCEv3+16iUBgD9nbH+2/77A9bpcW3+GMzqAAEAXv/sA8wETgAdAE2yEB4fERI5ALAARViwEC8bsRAaPlmwAEVYsAgvG7EIDj5ZsQABsAorWCHYG/RZsgMIEBESObIUEAgREjmwEBCxFwGwCitYIdgb9FkwMSUyNjczDgIjIgI1NTQ2NjMyFhcjJiYjIgYVFRQWAix9qQdzBXK9bNX5cNGMsucIcwinf6Kzs1GNcGOjXAEo+iSg9obUrX+c6tMjz+gAAAIAbP/sA9MGAAAPABoAY7IYGxwREjmwGBCwA9AAsAYvsABFWLADLxuxAxo+WbAARViwCC8bsQgOPlmwAEVYsAwvG7EMDj5ZsgUDCBESObIKAwgREjmxEwGwCitYIdgb9FmwAxCxGAGwCitYIdgb9FkwMRM0EjMyFxEzESMnBiMiAhEXFBYzMjcRJiMiBmzhwdtzd3AFc9+75Xmml91dXduXqAIn/AErrQJf+gCQpAEtAQAHz+/DAfzT7QAAAgBa/+wD1QROABcAHwBlsgkgIRESObAJELAY0ACwAEVYsAkvG7EJGj5ZsABFWLAALxuxAA4+WbIcCQAREjmwHC+xDQGwCitYIdgb9FmwABCxEgGwCitYIdgb9FmyFQkAERI5sAkQsRgBsAorWCHYG/RZMDEFIiYmNTU0NjYzMhIVFSEVFBYzMjY3FwYBIgYHITUmJgI/it98edh+xef8/NOgYJM8S4T+74e5FAKJBagUiPOXK5z6j/7z6UMXuPVGTTm/A/zGpw2cxAAAAQA/AAACsQYVABUAaLIPFhcREjkAsABFWLAILxuxCCA+WbAARViwAy8bsQMaPlmwAEVYsBEvG7ERGj5ZsABFWLAALxuxAA4+WbARELEBAbAKK1gh2Bv0WbAC0LAIELENAbAKK1gh2Bv0WbACELAT0LAU0DAxMxEjNTM1NDYzMhcHJiMiBhUVIRUhEfKzs6mXRDsJMjtjbgEC/v4D2GKDprIRZAx7cYZi/CgAAAIAbP5RA9QETgAaACYAhrIkJygREjmwJBCwC9AAsABFWLADLxuxAxo+WbAARViwBi8bsQYaPlmwAEVYsAsvG7ELED5ZsABFWLAXLxuxFw4+WbIFAxcREjmyDwsXERI5sAsQsREBsAorWCHYG/RZshUDFxESObAXELEeAbAKK1gh2Bv0WbADELEkAbAKK1gh2Bv0WTAxEzQSMzIXNzMRFAYjIiYnNxYzMjY3NQYjIgI1FxQWMzI3ESYmIyIGbOHB3XMGcOrIcc07Q3+vlqgDc9y85Hmml91cKp5vl6gCJ/4BKbCc+9zR9GVUSJyxnYigASz/Bc/vxgH3aG3tAAEAnAAAA8wGAAATAEqyDBQVERI5ALASL7AARViwAy8bsQMaPlmwAEVYsAcvG7EHDj5ZsABFWLAQLxuxEA4+WbIAAwcREjmwAxCxDAGwCitYIdgb9FkwMQE2NjMyFhcRIxEmJiMiBgcRIxEzARM7uG2uqgF3AXmFb6spd3cDg2FqxMT9OgLHkY6Ldv0bBgAAAAIAlQAAAToFxAADAAwAP7IGDQ4REjmwBhCwAdAAsABFWLACLxuxAho+WbAARViwAC8bsQAOPlmwAhCwC9CwCy+xBgWwCitYIdgb9FkwMSEjETMDNDYyFhQGIiYBInh4jSxMLS1MLAQ6ATkiLy9ELi4AAAL/mP5LATUFxAAMABYAS7INFxgREjmwDRCwANAAsABFWLAMLxuxDBo+WbAARViwBC8bsQQQPlmxCQGwCitYIdgb9FmwDBCwE9CwEy+xDQWwCitYIdgb9FkwMQERFAYjIic3FjMyNRETMhYUBiMiJjQ2AR2QjDYzAiwusjwnLCwnJisrBDr7RZaeE2MNzQS5AYovRC4uRC8AAQCcAAAD4gYAAAwAUQCwAEVYsAQvG7EEID5ZsABFWLAILxuxCBo+WbAARViwAi8bsQIOPlmwAEVYsAsvG7ELDj5ZsgoCCBESObAKELAA0LIGCAIREjmwBhCwAdAwMQEHESMRMxE3ATMBASMBnYl4eHEBnpf+NQHzjwIhhP5jBgD8KXoBl/44/Y4AAQCqAAABIgYAAAMAHQCwAEVYsAIvG7ECID5ZsABFWLAALxuxAA4+WTAxISMRMwEieHgGAAAAAQCWAAAGhAROACAAeLIFISIREjkAsABFWLAELxuxBBo+WbAARViwCS8bsQkaPlmwAEVYsAAvG7EAGj5ZsABFWLAMLxuxDA4+WbAARViwFS8bsRUOPlmwAEVYsB4vG7EeDj5ZsgEJDBESObIGCQwREjmwCRCxEQGwCitYIdgb9FmwGtAwMQEXNjYzIBc2NjMgExEjESYmIwYGBxEjESYmIyIGBxEjEQEJBDy0bgEARTrCdQFcB3gBe4uBsgp4AYGGcaIneAQ6sGJi0mVt/oT9LgLJkYwCo3X9NALSi4mBf/0aBDoAAQCcAAADzAROABMAVLINFBUREjkAsABFWLAELxuxBBo+WbAARViwAC8bsQAaPlmwAEVYsAgvG7EIDj5ZsABFWLARLxuxEQ4+WbIBBAgREjmwBBCxDQGwCitYIdgb9FkwMQEXNjYzMhYXESMRJiYjIgYHESMRAQ4EPbZurqoBdwF5hW+rKXcEOrlkacTE/ToCx5GOi3b9GwQ6AAIAWv/sBCAETgAPAB4ARbIEHyAREjmwBBCwE9AAsABFWLAELxuxBBo+WbAARViwDC8bsQwOPlmxEwGwCitYIdgb9FmwBBCxGwGwCitYIdgb9FkwMRM0NjYzMgAVFRQGBiMiADUXFBYzMjY1NTQmJiMiBhVaed2M2AEMedyN1/7zeMmjoslcpmugygItnPqL/tH6GZ37iAEv+gnC+fnMF3zOcfvLAAACAJv+YAQCBE4ADwAcAHCyEx0eERI5sBMQsAzQALAARViwDC8bsQwaPlmwAEVYsAkvG7EJGj5ZsABFWLAGLxuxBhA+WbAARViwAy8bsQMOPlmyBQwDERI5sgoMAxESObAMELETAbAKK1gh2Bv0WbADELEaAbAKK1gh2Bv0WTAxARQCIyInESMRMxc2MzISESc0JiMiBgcRFhYzMjYEAuC83nZ3bwZ13sLdeKqYbp4qK6Btl6kCEv3+15z92AXama3+2v77BM/wamX9+V1i8QAAAgBs/mAD0wROAA8AGwBtshkcHRESObAZELAD0ACwAEVYsAMvG7EDGj5ZsABFWLAGLxuxBho+WbAARViwCC8bsQgQPlmwAEVYsAwvG7EMDj5ZsgUDDBESObIKAwwREjmxEwGwCitYIdgb9FmwAxCxGQGwCitYIdgb9FkwMRM0EjMyFzczESMRBiMiAjUXFBYzMjcRJiYjIgZs4cPbcgZweHbXvuR5qZbXYC2faZeqAif+ASmnk/omAiaaASz/BdLvuwISYWnvAAABAJwAAAKTBE4ADgBHsgsPEBESOQCwAEVYsAwvG7EMGj5ZsABFWLAILxuxCBo+WbAARViwBi8bsQYOPlmwDBCxAgewCitYIdgb9FmyCgwGERI5MDEBJiMiBgcRIxEzFzYzMhcCkCYrcJshd3UCX9IyHQPUB313/RkEOqzADQABAGX/7AOcBE4AJQBtsgkmJxESOQCwAEVYsAkvG7EJGj5ZsABFWLAcLxuxHA4+WbICHAkREjmyDQkcERI5tCsNOw0CXbAJELEQAbAKK1gh2Bv0WbACELEWAbAKK1gh2Bv0WbIgHAkREjmwHBCxIwGwCitYIdgb9FkwMQE0JiQmJjU0NjMyFhUjNCYjIgYVFBYEFhYVFAYjIiY1MxYWMzI2AySP/uCfTdantdt4n3l2j3cBO51M3bK963gHo4Z9mgETWWw9T3JRgKezkF9+aVRRWUpUdlSJpLeMaXVuAAABABf/7AJJBU8AFQBhsg4WFxESOQCwAEVYsAEvG7EBGj5ZsABFWLATLxuxExo+WbAARViwDS8bsQ0OPlmwARCwANCwAC+wARCxAwGwCitYIdgb9FmwDRCxCAGwCitYIdgb9FmwAxCwEdCwEtAwMQERMxUjERQWMzI3FwYjIiY1ESM1MxEBVuDgQUweQwUvUXtwx8cFT/7rYv0vWlgKYhGPiwLSYgEVAAABAJj/7APKBDoAEABRsgoREhESOQCwAEVYsAYvG7EGGj5ZsABFWLANLxuxDRo+WbAARViwDy8bsQ8OPlmwAEVYsAIvG7ECDj5ZsgANDxESObEKAbAKK1gh2Bv0WTAxJQYjIiYnETMREDMgNxEzESMDVGztrbQCd/oBBEV4dImdycUCwP1P/svXAw/7xgAAAQAmAAADsQQ6AAYAOLIABwgREjkAsABFWLABLxuxARo+WbAARViwBS8bsQUaPlmwAEVYsAMvG7EDDj5ZsgAFAxESOTAxJQEzASMBMwHtAUl7/mxh/mp7pQOV+8YEOgAAAQA/AAAFwQQ6ABIAWQCwAEVYsAMvG7EDGj5ZsABFWLAILxuxCBo+WbAARViwES8bsREaPlmwAEVYsAovG7EKDj5ZsABFWLAPLxuxDw4+WbIBEQoREjmyBhEKERI5sg0RChESOTAxJRc3ATMBFzcTMwEjAScHASMBMwGfEhgBBGYBARwX3nz+xWb+6g0N/u9m/sZ7+V1iAzz8y3JpAz77xgNaOzz8pwQ6AAABADAAAAOyBDoACwBTALAARViwAS8bsQEaPlmwAEVYsAovG7EKGj5ZsABFWLAELxuxBA4+WbAARViwBy8bsQcOPlmyAAoEERI5sgYKBBESObIDAAYREjmyCQYAERI5MDEBATMBASMBASMBATMB8AEkjv6RAX+N/sz+zI0Bfv6RjQKDAbf97f3ZAcr+NgInAhMAAAEAIP5LA7AEOgAQAESyAxESERI5ALAARViwAS8bsQEaPlmwAEVYsA8vG7EPGj5ZsABFWLAGLxuxBhA+WbIADwYREjmxCgGwCitYIdgb9FkwMSUBMwEHBiMiJycXMjY3NwEzAfMBPIH+MhhZuisxAT5YbSY1/miDrAOO+w44xQ5jBldqkgQxAAABAFcAAAOqBDoACQBGALAARViwBy8bsQcaPlmwAEVYsAIvG7ECDj5ZsQABsAorWCHYG/RZsgQAAhESObAHELEFAbAKK1gh2Bv0WbIJBQcREjkwMTchFSE1ASE1IRXrAr/8rQKQ/YQDE2VlWAN7Z1kAAQBE/mwCmgY9ABgALbILGRoREjkAsA0vsAAvsgcNABESObAHL7EGAbAKK1gh2Bv0WbITBgcREjkwMQEmJjU1ECM1MhE1NjY3FwYRFRQHFhUVEhcCfaiq5+cBqKka9Li4BPP+bDLiu90BB2gBBeW34jNPTv7H1fZJTfHk/txRAAABALL+8gEXBbAAAwATALAAL7AARViwAi8bsQIePlkwMQEjETMBF2Vl/vIGvgAAAQAJ/mwCXwY9ABgALbINGRoREjkAsAsvsBgvshELGBESObARL7ESAbAKK1gh2Bv0WbIFEhEREjkwMRM2EzU0NyY1NRAnNxYWFRUQMxUiERUUBgcJ8wTBwfQaq6fn56qo/rxRASTg/URE+9UBPExPM+W63/77aP753bviMgAAAQCRAacE5gMTABgAOrISGRoREjkAsA8vsADQsA8QsBXQsBUvsQMBsAorWCHYG/RZsA8QsQgBsAorWCHYG/RZsAMQsAzQMDEBFAYjIi4CIyIGFQc0NjMyFhcWFjMyNjUE5qeBSH22WDJZY2yihkqFXENgN1hoAvyVwDehKXZwAZW9PlI/M35tAAIAjP6ZATEETgADAAwAP7IGDQ4REjmwBhCwANAAsABFWLAKLxuxCho+WbAARViwAi8bsQIWPlmwChCxBwWwCitYIdgb9FmwANCwAC8wMRMzEyMTFAYiJjQ2Mhaubwd8iSxMLS1MLAKy++cFZSIuLkQuLgAAAQB3/wsD5QUmACEAUbIbIiMREjkAsBIvsAgvsABFWLARLxuxERo+WbAARViwBy8bsQcOPlmxAAOwCitYIdgb9FmwBxCwCtCwERCwFNCwERCxGwOwCitYIdgb9FkwMSUyNjczBgYHFSM1JgI1NTQSNzUzFRYWFyMmJiMiBhUVFBYCRXupCXMIzZR4udTTunibyAZzCKd/orOzUYtyi8QQ5OUXAR7pJN4BIxfc2xDSnH+c6tMjz+gAAAEAXQAABEYFxAAhAHGyHCIjERI5ALAARViwFC8bsRQePlmwAEVYsAUvG7EFDj5Zsh8FFBESObAfL7EAAbAKK1gh2Bv0WbAFELEDAbAKK1gh2Bv0WbAH0LAI0LAAELAN0LAfELAP0LIXBRQREjmwFBCxGwGwCitYIdgb9FkwMQETFgchFSE1MzY3NicDIzUzAzQ2MzIWFSM0JiMiBhUTIRUBlAkCQgLp/BtiMxoUAgm8uAndubbTe5aBfZQJAVgChf7rrlpoaA1eSlIBFmgBIsjt07GHlLGb/t5oAAACAG3/5QVfBPEAGwAqAEGyAyssERI5sAMQsCDQALAARViwAy8bsQMOPlmwENCwEC+wAxCxIAGwCitYIdgb9FmwEBCxKAGwCitYIdgb9FkwMSUGBiMiJwcnNyY1NDcnNxc2IBc3FwcWFRQHFwcBFBYWMzI2NjU0JiYgBgYEa07IceKlm1WffIWoVaelAaylqlargnqjVvv4geKAgeCAg97/AOCDhUhRmJ5Woajb46urV6qMjq1Yr6rg16mkVwJ7ivCLjO+Ki++IiO8AAQAYAAAEBgWwABYAcbIAFxgREjkAsABFWLABLxuxAR4+WbAARViwCy8bsQsOPlmyAAsBERI5sgcBCxESObAHL7AD0LADL7EFArAKK1gh2Bv0WbAHELEJArAKK1gh2Bv0WbAN0LAHELAP0LAFELAR0LADELAT0LABELAV0DAxAQEzASEVIRUhFSERIxEhNSE1ITUhATMCDwFtiv5xATn+mgFm/pp7/p4BYv6eATn+cosC2wLV/RFZzFj+vAFEWMxZAu8AAAIAn/7yARcFsAADAAcAGACwAC+wAEVYsAYvG7EGHj5ZsgUBAyswMRMRMxERIxEzn3h4eP7yAwP8/QPIAvYAAgBm/hEEXwXEADYARQCEsiVGRxESObAlELA+0ACwCS+wAEVYsCUvG7ElHj5Zsj8lCRESObA/ELEYAbAKK1gh2Bv0WbIDGD8REjmwCRCwD9CwCRCxEgGwCitYIdgb9FmyNyUJERI5sDcQsTIBsAorWCHYG/RZsh83MhESObAlELAp0LAlELEsAbAKK1gh2Bv0WTAxARQGBxYWFRQGIyImJyY1NxQWMzI2NTQmJiQmJjU0NjcmJjU0JDMyFhUjNCYjIgYVFBYWFx4CJQYGFRQWFhcXNjY1NCYnBF97bVth/NltwUSGeM+xoLxFoP6erll1alZcAQLV4Pl4wKGluj6Yn8S9WP1nbHZHoctccISGrQGvZIshMIxupMA4OXLMApyvi3FNXk5gZ49lZI0hL4xsocPizZK3iXNPXkwtM2eO7w10WVNgTDgcDXNWYnY4AAIAiQUkAuQFxQAJABMAHgCwCC+xAgWwCitYIdgb9FmwDNCwCBCwEtCwEi8wMRM0NjIWFRQGIiYlNDYyFhUUBiImiSxMLS1MLAG2LEwtLUwsBXQiLy8iIS4uICIvLyIhLi4AAwBr/+sF9gXEABgAKAA3AJmyHTg5ERI5sB0QsA7QsB0QsDTQALAARViwLC8bsSwePlmwAEVYsDQvG7E0Dj5ZsgI0LBESObACL7QPAh8CAl2yCCw0ERI5sAgvtAAIEAgCXbIMCAIREjmxDgKwCitYIdgb9FmwAhCxFQKwCitYIdgb9FmyGAIIERI5sDQQsR0EsAorWCHYG/RZsCwQsSUEsAorWCHYG/RZMDEBFAYgJjU1NDYgFhUjNCMiBhUVFBYzMjY1JRQSBDMyJBI1NAIkIyIEAgc0EiQgBBIVFAIEIyIkAgRhpP7Ut7gBKqZj2GqAfmxqbfzCowEmqKcBIqem/t2nq/7aoFW7AUsBgAFKu7T+tcbF/rW2Al+YotS1Wq7VoZjgoo1bhqNqdnqw/sy0sgEzs7IBMbG2/tCuygFax8f+psrF/qjRzwFYAAACAJ0CswL4BcQAHAAlAIKyDyYnERI5sA8QsB7QALAARViwFi8bsRYePlmyBCYWERI5sAQvsADQsAAvsgIWBBESObILBBYREjmwCy+wFhCxDwOwCitYIdgb9FmyEgsPERI5QA0MEhwSLBI8EkwSXBIGXbAEELEdA7AKK1gh2Bv0WbALELEhA7AKK1gh2Bv0WTAxASYnBiMiJjU0NjMzNTQmIyIGFSc0NjMyFhURFBclMjY3NSMiFRQCiQ8GV4d1hKeii1BRWmdrpoZ8khr+sjVzH4HmAsErM2x1ZG56PVVeR0gGZoOPhv7FXFdRPCyokn4A//8AewCUA0ADnQAmAZIP7QAHAZIBRP/tAAEAfAGCA6gDCAAFABsAsAQvsAHQsAEvsAQQsQIBsAorWCHYG/RZMDEBIxEhNSEDqHj9TAMsAYIBHGoAAAQAZv/rBfIFxAANABwAMgA7AJ6yOjw9ERI5sDoQsATQsDoQsBnQsDoQsCHQALAARViwAy8bsQMePlmwAEVYsAsvG7ELDj5ZsREEsAorWCHYG/RZsAMQsRkEsAorWCHYG/RZsh4LAxESObAeL7IgCwMREjmwIC+0ACAQIAJdsjMeIBESObAzL7EdArAKK1gh2Bv0WbImHTMREjmwHhCwLdCwIBCxOwKwCitYIdgb9FkwMRM0EiQgBBIVFAIEICQCNxQSBCAkEjU0AiQjIgQCBREjESEyFhUUBxYWFBYXFSMmNTQmIyczMjY1NCYnI2a7AUsBgAFLu7b+tf52/rW2VacBIwFOASSlov7dq6j+3aYBz2IBApOejUg4CAlmDktavLVRaVdqrgLZygFax8f+psrH/qjPzwFYx7P+zLGxATWysAEwtLH+z/H+pwNHe32FQBptmEQXECSSWUpbVEVVSQIAAAEAiQU/AvQFoAADABmyAQQFERI5ALACL7EAA7AKK1gh2Bv0WTAxASE1IQL0/ZUCawU/YQACAI8D1AJ2BcQACQAUAD6yAxUWERI5sAMQsBLQALAARViwBy8bsQcePlmwDNCwDC+xAwKwCitYIdgb9FmwBxCxEgKwCitYIdgb9FkwMQEUBiMiJjQ2MhYFFBYyNjU0JiMiBgJ2jmRlkJLGj/5zWYRWVkJBWgTKaI6PzpOTZ0NYWENFWloAAAIAVAAAA+gE8wALAA8AQQCwCS+wAEVYsA0vG7ENDj5ZsAkQsADQsAkQsQYBsAorWCHYG/RZsAPQsA0QsQ4BsAorWCHYG/RZsgUOBhESOTAxASEVIREjESE1IREzASE1IQJhAYf+eW/+YgGebwFi/L0DQwM9Zv5KAbZmAbb7DWUAAQBMApkCmwW5ABYAV7IIFxgREjkAsABFWLAOLxuxDh4+WbAARViwAC8bsQASPlmxFgKwCitYIdgb9FmwAtCyAwAOERI5sA4QsQgCsAorWCHYG/RZsgsOABESObIUAA4REjkwMQEhNQE2NTQmIyIGFSM0NjIWFRQPAiECm/3FAUBqUU9XXmme/I52N+IBtgKZSwE6bkk/TVlJbI58ZmV6N9EAAQBHAo4CiwW5ACYAd7IgJygREjkAsABFWLAOLxuxDh4+WbAARViwGS8bsRkSPlmyARkOERI5fLABLxiybwEBcbAOELEHArAKK1gh2Bv0WbIKAQ4REjmwARCxJQKwCitYIdgb9FmyFCUBERI5sh0lGRESObAZELEgArAKK1gh2Bv0WTAxATM2NjU0JiMiBhUjNDYzMhYVFAYHFhUUBiMiJjUzFBYzMjY1NCMjAQtWUV9WUUxgaZ13gJJMRqKegoGjamlUV13OSQRTAkg8PkpKOmB8eGY4Xhgqk2Z8f2c+UUxCjgAAAQB8BOgBzAYAAAMAHgCwAi+wANCwAC+0DwAfAAJdsAIQsAPQGbADLxgwMQEzAyMBO5HnaQYA/ugAAAEAov5gA9MEOgATAGWyDhQVERI5ALAARViwAC8bsQAaPlmwAEVYsAgvG7EIGj5ZsABFWLARLxuxERA+WbAARViwCi8bsQoOPlmwAEVYsA4vG7EODj5ZsQQBsAorWCHYG/RZsgwIChESObIQCAoREjkwMQERFBYzMjY3ETMRIycGIyInESMRARl+iYSaHXhtB2LVuFd3BDr9hLS5c3QDAvvGmq59/fcF2gAAAQBTAAADIQWwAAsAK7IDDA0REjkAsABFWLAJLxuxCR4+WbAARViwAC8bsQAOPlmyAQAJERI5MDEhESMiJiY1NCQzMxECqWyW3nYBCuTgAgh01YvV//pQAAEAowJ7AU0DIAAIACOyAwkKERI5ALAARViwAi8bsQIYPlmxBwWwCitYIdgb9FkwMRM0NjIWFAYiJqMsUC4uUCwCzSMwMEYvLwAAAQBi/k0BjwAAAA4AXLIADxAREjkAsABFWLAGLxuxBhA+WbAARViwAC8bsQAOPlm2DAAcACwAA120IAYwBgJdsgEABhESObABL7AGELEHBrAKK1gh2Bv0WbABELENBrAKK1gh2Bv0WTAxMwcWFRQGIycyNjU0Jic39gylnogHWXFXWR1AFZZcbE5BNzosCH8AAQB+ApkB0AWvAAYAMwCwAEVYsAUvG7EFHj5ZsABFWLAALxuxABI+WbIEAAUREjmwBC+xAwKwCitYIdgb9FkwMQEjEQc1JTMB0GroAUQOApkCl0ZaawACAIcCsgMOBcQADQAaAEKyChscERI5sAoQsBHQALAARViwAy8bsQMePlmyChsDERI5sAovsREDsAorWCHYG/RZsAMQsRgDsAorWCHYG/RZMDETNDYzMhYVFRQGIyImNRcUFjMyNjU1NCYiBhWHsZKTsbCSk7JscWhjc3TIcwRsmb+/nl6Zvr2fBXKGhHhfc4WIdQD//wBzAKIDQwOwACYBkxIAAAcBkwFRAAD//wBzAAAFdwWuACcBxv/1ApgAJwGUARYACAEHAiACwQAAABAAsABFWLAFLxuxBR4+WTAx//8AZAAABZwFrgAnAZQA6gAIACcBxv/mApgBBwHFAwEAAAAQALAARViwCS8bsQkePlkwMf//AHYAAAXqBbkAJwGUAaYACAAnAiADNAAAAQcCHwAvApkAEACwAEVYsCEvG7EhHj5ZMDEAAgBY/oEDVARNABkAIwBcsgkkJRESObAJELAd0ACwAEVYsCEvG7EhGj5ZsABFWLAQLxuxEBY+WbAhELEdBbAKK1gh2Bv0WbAZ0LAZL7IDEBkREjmwEBCxCQGwCitYIdgb9FmyFRkQERI5MDEBDgIHBhUUFjMyNjczBgYjIiY1NDY3Njc3ExQGIiY1NDYyFgInAjK8F1GGgHeOAngC0quyy2qPVQcCiCxMLS1MLAKve3a8HmmDgYyMdabFyK1vyodHbUUBTyIvLyIhLi4AAgARAAAHHwWwAA8AEgCNshITFBESObASELAG0ACwAEVYsAYvG7EGHj5ZsABFWLAALxuxAA4+WbAARViwBC8bsQQOPlmyEQYAERI5sBEvsQIBsAorWCHYG/RZsAYQsQgBsAorWCHYG/RZsgoGABESObAKL7IvCgFdsQwBsAorWCHYG/RZsAAQsQ4BsAorWCHYG/RZshIGABESOTAxISEDIQMjASEVIRMhFSETIQEhAwcf/M8R/azmkgNxA2D9ShcCTf23GgK++q0CDSMBhf57BbBm/d9m/aIBkQM9AAEAXQBkA8YDzgALADgAsAMvsgkMAxESObAJL7IEAwkREjmyCgkDERI5sgEEChESObADELAF0LIHCgQREjmwCRCwC9AwMTcBATcBARcBAQcBAV0BZv6pTwFWAVdP/qkBZk/+mv6bswFtAV5Q/qIBXlD+ov6TTwFs/pQAAwB9/60E+gXhABcAIAApAGiyBCorERI5sAQQsB3QsAQQsCbQALAARViwEC8bsRAePlmwAEVYsAQvG7EEDj5ZshoQBBESObIjEAQREjmwIxCwG9CwEBCxHQGwCitYIdgb9FmwGhCwJNCwBBCxJgGwCitYIdgb9FkwMQEUAgQjIicHIzcmETU0EiQzMhc3MwcWEwUQFwEmIyICESU0JwEWMzISEQTsi/7+qbqFZWiJto0BAqjglGtnlYYB/Ax6Anh3v8vxA3lQ/ZFrmdHqAonJ/tCkYaDZuAFUk8cBM6WMqe20/uee/vuZA+qD/tX+9AbTjvwjVAErAQsAAAIAtwAABEgFsAANABUAWbIQFhcREjmwEBCwAtAAsABFWLAALxuxAB4+WbAARViwCy8bsQsOPlmyAQALERI5sAEvshAACxESObAQL7EJAbAKK1gh2Bv0WbABELEOAbAKK1gh2Bv0WTAxAREhMhYWFRQGByERIxETESEyNhAmJwEvAUWP1HH00/6ueHgBRJ3At5cFsP7QZr17ueEE/rwFsP5r/Y6rARirBAAAAQCX/+wESAYIACwAULIjLS4REjkAsAUvsABFWLAALxuxAA4+WbAARViwFS8bsRUOPlmyDwUVERI5sRwBsAorWCHYG/RZsiIVBRESObAFELEqAbAKK1gh2Bv0WTAxISMRNDYzMhYVFA4CFRQeAhUUBiMiJic3FhYzMjY1NC4CNTQ2NTQmIyIDAQ94v6qZvxtHGVO/WdSkVLYoIiWaQ3qUWLdcfn5b9wQEZ8jZqYo6YIFSMDhojolPkrQwIGUdNIBiPXGGh01g4FRdd/7OAAADAFX/7AZ6BE4AKwA3AD8AyLIDQEEREjmwAxCwL9CwAxCwO9AAsABFWLAYLxuxGBo+WbAARViwHi8bsR4aPlmwAEVYsAAvG7EADj5ZsABFWLAGLxuxBg4+WbIDHgAREjmyDQYYERI5sA0vsBgQsREBsAorWCHYG/RZshQNGBESObIbHgAREjmyPB4AERI5sDwvsSIBsAorWCHYG/RZsAAQsScBsAorWCHYG/RZsikeABESObAGELEsAbAKK1gh2Bv0WbANELEwAbAKK1gh2Bv0WbARELA40DAxBSImJwYGIyImNTQ2NyE1NCYjIgYVJzQ2MzIWFzY2MzIWFxUhFRQWMzI3FwYlMjY3ESEiBgcHFBYBIgYHITU0JgTxi8c8POSLqbrdzQEOf36Cpnfptn2xKDy9dMThAv0LwKy5iy+R+/dbuy3/AImsCQGDA4KEtBMCe6EUbWFibKmQnbMDWISUgmkNkLRramRx8dlqHcnjdleEZFxAASx6aRRhcAOYxKgfmrMAAgCV/+wEHwYqAB0ALABhsg4tLhESObAOELAi0ACwAEVYsBkvG7EZID5ZsABFWLAHLxuxBw4+WbIOGQcREjmwDi+wGRCxGAGwCitYIdgb9FmwDhCxIgGwCitYIdgb9FmwBxCxKQGwCitYIdgb9FkwMQEWExUUBgYjIiYmNTQSMzIWFyYnByc3Jic3Fhc3FwMnJiYjIgYVFBYWMzI2NQMr7gZwyn6C1Hzvx2StOyqo4TPOic4n8qfCMzYCJ65vobNan2WNrwUX+v5obp//jXvjiOUBDk1D+6iLSYBqQ2dIjHlJ/Os5U2DSuWezZfnTAAMASADSBC4EkwADAAwAFQBTsgcWFxESObAHELAA0LAHELAQ0ACwAi+xAQewCitYIdgb9FmwAhCwC7AKK1jYG9xZsAawCitY2BvcWbABELAPsAorWNgb3FmwFLAKK1jYG9xZMDEBITUhATQ2MhYUBiImETQ2MhYUBiImBC78GgPm/cEsUC4uUCwsUC4uUCwChHQBSCMwMEYvL/0GIzAwRi4uAAMAWf90BB8EvgAZACMALQBosgQuLxESObAEELAg0LAEELAq0ACwAEVYsAQvG7EEGj5ZsABFWLARLxuxEQ4+WbIdBBEREjmyJwQRERI5sCcQsB7QsAQQsSABsAorWCHYG/RZsB0QsCjQsBEQsSoBsAorWCHYG/RZMDETNDY2MzIXNzMHFhYVFRQGBiMiJwcjNyYmNTMUFhcBJiMiBhUlNCYnARYzMjY1WXndjHJkTl5kXmh63IxsXE9eY2Rud0dFAYVLW6HKAtdCP/59RFahyQItnPqLMKDMSOqTIZz8iCmhy0fumG6+PQMaK/vLC2e2P/zqIvnMAAIAn/5gBAcGAAAPABwAZrITHR4REjmwExCwDNAAsAgvsABFWLAMLxuxDBo+WbAARViwBi8bsQYQPlmwAEVYsAMvG7EDDj5ZsgUMAxESObIKDAMREjmwDBCxEwGwCitYIdgb9FmwAxCxGgGwCitYIdgb9FkwMQEUAiMiJxEjETMRNjMyEhEnNCYjIgYHERYWMzI2BAfgvd12eHh13MDfeKqYbp4qKp5wl6kCEv3+15z92Aeg/aSq/tv++wPP8Gpl/fdaY/EAAAIAbP/sBIEGAAAXACIAj7IgIyQREjmwIBCwEdAAsBQvsABFWLANLxuxDRo+WbAARViwAi8bsQIOPlmwAEVYsAYvG7EGDj5Zsi8UAV2yDxQBXbIXAhQREjmwFy+xAAGwCitYIdgb9FmyBA0CERI5sg8NAhESObAQ0LAXELAS0LAGELEbAbAKK1gh2Bv0WbANELEgAbAKK1gh2Bv0WTAxASMRIycGIyICETU0EjMyFxEhNSE1MxUzARQWMzI3ESYjIgYEga5wBXPfu+Xhwdtz/sEBP3eu/GSml91dXduXqATp+xeQpAEtAQAO/AErrQFIZrGx/MPP78MB/NPtAAIAGAAABWgFsAATABcAdACwAEVYsA8vG7EPHj5ZsABFWLAILxuxCA4+WbIUCA8REjmwFC+yEBQPERI5sBAvtA8QHxACXbAA0LAQELEXA7AKK1gh2Bv0WbAD0LAIELAF0LAUELEHAbAKK1gh2Bv0WbAXELAK0LAQELAN0LAPELAS0DAxATMVIxEjESERIxEjNTMRMxEhETMBITUhBNeRkXv8wHuJiXsDQHv8RQNA/MAEYmD7/gK6/UYEAmABTv6yAU79cuAAAAEAqAAAASAEOgADAB0AsABFWLACLxuxAho+WbAARViwAC8bsQAOPlkwMSEjETMBIHh4BDoAAAEAogAABCAEOgAMAGIAsABFWLAELxuxBBo+WbAARViwCC8bsQgaPlmwAEVYsAIvG7ECDj5ZsABFWLALLxuxCw4+WbIGAgQREjmwBi+0bwZ/BgJdtCwGPAYCXbEBAbAKK1gh2Bv0WbIKAQYREjkwMQEjESMRMxEzATMBASMBpIl5eYYBu5L+IAISmAHw/hAEOv4gAeD98f3VAAABABUAAAP+BbAADQBdALAARViwDC8bsQwePlmwAEVYsAYvG7EGDj5ZsgEMBhESObABL7AA0LABELECAbAKK1gh2Bv0WbAD0LAGELEEAbAKK1gh2Bv0WbADELAI0LAJ0LAAELAL0LAK0DAxASUVBREhFSERBzU3ETMBMAEz/s0Czvy2n598AzFhWmH9kWgCrzJaMgKnAAABABkAAAH4BgAACwBLALAARViwCi8bsQogPlmwAEVYsAQvG7EEDj5ZsgEEChESObABL7AA0LABELECAbAKK1gh2Bv0WbAD0LAG0LAH0LAAELAJ0LAI0DAxATcVBxEjEQc1NxEzAUWzs3i0tHgDXEZbRvz/AtJGW0YC0wAAAQC1/ksE6QWwABQAZbIGFRYREjkAsABFWLAALxuxAB4+WbAARViwES8bsREePlmwAEVYsA0vG7ENDj5ZsABFWLAPLxuxDw4+WbAARViwBC8bsQQQPlmxCQGwCitYIdgb9FmyDgANERI5shMADRESOTAxAREUBiMiJzcWMzI2NTUBESMRMwERBOmikDo3DS02WF/8w3t7Az0FsPn6q7QTZhCAdlYE4vseBbD7HwThAAABAJ3+SwPVBE4AHABgsg0dHhESOQCwAEVYsAMvG7EDGj5ZsABFWLAALxuxABo+WbAARViwGi8bsRoOPlmwAEVYsAovG7EKED5ZsgEDGhESObEPAbAKK1gh2Bv0WbADELEWAbAKK1gh2Bv0WTAxARc2MzIWFxEUBiMiJzcWMzI2NRE0JiMiBgcRIxEBCApu7bSyAqGPPz0OLUFYYH6NdKEoeAQ6uMzY2f0KqrITZw97dgLrrKhwcPz6BDoAAAIAbP/rBwkFxAAXACMAm7IBJCUREjmwARCwGtAAsABFWLAMLxuxDB4+WbAARViwDi8bsQ4ePlmwAEVYsAAvG7EADj5ZsABFWLADLxuxAw4+WbAOELEQAbAKK1gh2Bv0WbISAA4REjmwEi+yLxIBXbEUAbAKK1gh2Bv0WbAAELEWAbAKK1gh2Bv0WbADELEYAbAKK1gh2Bv0WbAMELEdAbAKK1gh2Bv0WTAxISEGIyImAicRNBI2MzIXIRUhESEVIREhBTI3ESYjIgIHERQSBwn8tL16nPSIAob2nIW0A0f89gKp/VcDD/t9hXR2hb/gAeIVlAENqgE6rAESlhRp/dto/a4YDgTyDv744f7L4/7zAAADAF7/7AcfBE4AIQAuADYArLIGNzgREjmwBhCwJ9CwBhCwMtAAsABFWLAELxuxBBo+WbAARViwCi8bsQoaPlmwAEVYsBgvG7EYDj5ZsABFWLAeLxuxHg4+WbIHChgREjmyMwoYERI5sDMvsQ4BsAorWCHYG/RZsBgQsRMBsAorWCHYG/RZshUKGBESObIbChgREjmwJdCyKQoYERI5sAQQsSwBsAorWCHYG/RZsAoQsS8BsAorWCHYG/RZMDETNDY2MzIWFzY2MzIWFRUhFRQWMzI3FwYjIiYnBgYjIgA1FxQWMzI2NTU0JiAGFQEiBgchNTQmXnnbio7cPjzWfsXm/QTGmtJzNIX0iN46PduN1/73eMaioMXH/sDGBJ6CuBMCgKgCLZ38iIuFfpL522AdufN3UoqQfIKKAS/6CcX29s8Xw/j4zgHGyp8ekrkAAQCnAAACZQYVAA0AM7ILDg8REjkAsABFWLAELxuxBCA+WbAARViwAC8bsQAOPlmwBBCxCQGwCitYIdgb9FkwMTMRNDYzMhcHJiMiBhURp6OTQEgQMjdibAS9pbMTYA1+cftAAAIAfP/sBSAFxAAVAB0AZbIAHh8REjmwFtAAsABFWLAOLxuxDh4+WbAARViwAC8bsQAOPlmyBQ4AERI5sAUvsA4QsQkBsAorWCHYG/RZsgsOABESObAAELEWAbAKK1gh2Bv0WbAFELEZAbAKK1gh2Bv0WTAxBSAAETUhNRAAIyIHJzYhIAARFRQCBCcyEjchFRQSAtX+6f6+BCn+9/DrryesARUBJAFQmf7xo8b+C/xU/BQBUgEtd0MBCgEreFyG/pb+wXzF/sKwaQEv+TXo/vUAAAH/xf5LAqoGFQAgAHSyFCEiERI5ALAARViwFi8bsRYgPlmwAEVYsBAvG7EQGj5ZsABFWLAfLxuxHxo+WbAARViwBS8bsQUQPlmwHxCxAAGwCitYIdgb9FmwBRCxCgGwCitYIdgb9FmwABCwDtCwD9CwFhCxGwGwCitYIdgb9FkwMQEjERQGIyInNxYzMjY1ESM1MzU0NzYzMhcHJiMiBhUVMwJY9KGPODcOJTxYYLS0WVKLQEgPLUBiaPQD2PvPqrITYxCAdgQxYoOsWlITYw17cYYAAgCE/+wFqAYdABkAJwBesgQoKRESObAEELAk0ACwAEVYsA0vG7ENHj5ZsABFWLAELxuxBA4+WbIQDQQREjmwEC+xFwKwCitYIdgb9FmwDRCxHQGwCitYIdgb9FmwBBCxJAGwCitYIdgb9FkwMQEUAgQjIiQCJzU0EiQzMhYXNjY1MxQGBxYXBxACIyICERUQEjMyEhEE84v+/qmn/vyNAYwBA6iH10tram9/jFMDeu7Qy/HwztDsAonJ/tCkpQEtxKPGATKnZ18Fg5ejvxWd1gwBBwEq/tX+9Jj+/f7RASoBCwAAAgBZ/+wEoASuABcAJQBeshQmJxESObAUELAb0ACwAEVYsAQvG7EEGj5ZsABFWLAULxuxFA4+WbIGBBQREjmwBi+xDQKwCitYIdgb9FmwFBCxGwGwCitYIdgb9FmwBBCxIgGwCitYIdgb9FkwMRM0NjYzMhc2NjUzFAYHFhcVFAYGIyIANRcUFjMyNjU1NCYjIgYVWXndjNKFWk1naWpPA3rcjNn+9XfJpKHJyqKhygItnPqLkAdmg5OaEoWxLZz8iAEw+QnC+fnMF8D7+8sAAAEAov/sBewGCAAZAFayDRobERI5ALAARViwAC8bsQAePlmwAEVYsBEvG7ERHj5ZsABFWLANLxuxDQ4+WbIBDQAREjmwAS+xCAKwCitYIdgb9FmwDRCxFQGwCitYIdgb9FkwMQEVNjY1MxQGBxEOAiMiJCcRMxEUFiA2NREEo3hnaqKnAYDpl+b+6wV60gFo0QWw0wmHm8a7B/1Ok9p1+94D6/wnuMvMtgPaAAABAJj/7ATZBJsAGQBqshAaGxESOQCwAEVYsAwvG7EMGj5ZsABFWLATLxuxExo+WbAARViwBC8bsQQOPlmwAEVYsAgvG7EIDj5ZshUTBBESObAVL7EDArAKK1gh2Bv0WbIGEwQREjmwCBCxEAGwCitYIdgb9FkwMQEUBgcRIycGIyImJxEzERAzIDcRMxU2NzY1BNmDjHQCbO2ttAJ3+gEERXh9HxAEm6SQBfyeiZ3JxQLA/U/+y9cDD4UGUSlmAAAB/4z+SwEqBDoADQAwsgsODxESOQCwAEVYsAAvG7EAGj5ZsABFWLAELxuxBBA+WbEJAbAKK1gh2Bv0WTAxAREUBiMiJzcWMzI2NREBKqCOOTcNKzhYXwQ6+22psxNjEIB2BJMAAgBc/+wD0AROABcAHwBosgkgIRESObAJELAY0ACwAEVYsAAvG7EAGj5ZsABFWLAJLxuxCQ4+WbIOAAkREjmwDi+wABCxEgGwCitYIdgb9FmyFQ4AERI5sAkQsRgBsAorWCHYG/RZsA4QsRsBsAorWCHYG/RZMDEBMhYWFRUUBgYjIiY1NSE1NCYjIgYHJzYBMjY3IRUUFgH4hNl7edJ9xuYC/cWcdpo1M4YBAoC5E/2AqAROiPWUOJb3jPnZYR249UI3U4v8A8igHZK5AAABAKAE6gLLBfYACAAyALAEL7AGsAorWNgb3FmwANCwBBCwAtCwBBCwB9CwBy+2DwcfBy8HA12yAwcEERI5MDEBFSMnByM1NzMCy2+op23uTAT0Cre3Df8AAQCPBN8CvQXwAAgAJwCwBC+yDwQBXbAB0LABL7YPAR8BLwEDXbIABAEREjmwCNCwCC8wMQE3MxUDIwM1MwGmrGvsVuxrBS7CDP77AQYLAP//AIkFPwL0BaAABgBwAAAAAQCKBNECzAXSAAwALQCwAy+wB9CwBy+2DwcfBy8HA12wAxCxCQSwCitYIdgb9FmwBxCwDNCwDC8wMQEUBiMiJjUzFBYyNjUCzJ2Egp9mY7BjBdJzjo10U1hcTwABAJQFFwE5BbcACwASALAJL7EDBbAKK1gh2Bv0WTAxEzQ2MzIWFRQGIyImlCwmJywsJyYsBWYiLy8iIS4uAAIAdQS4AfcGMQAKABYAMQCwCS+wA9CwAy+0PwNPAwJdsAkQsQ4GsAorWCHYG/RZsAMQsRQGsAorWCHYG/RZMDETNDYzMhYVFAYiJjcUFjMyNjU0JiMiBnVxUE9ybqZuTUIyMURGLzFDBXNQbm5QT2xsTzJCQTM1QkQAAQA8/mMBdQAlABAAMrIFERIREjkAsBAvsABFWLAKLxuxChA+WbEFA7AKK1gh2Bv0WUAJDBAcECwQPBAEXTAxIQYGFRQzMjcXBiMiJjU0NjcBW2lKVTYzD0FOUFp8aFBpMVQhVCxZUEqVOgAAAQBqBPADCwXTABUAPgCwAy+wBtCwBi+yDwYBXbADELAJ0LAJL7AGELENA7AKK1gh2Bv0WbADELESA7AKK1gh2Bv0WbANELAV0DAxARQGIyImIyIGFSc0NjMyHgIzMjY1AwtxUkyROS8/Wm1WMEQ8PSkuQQXNYHVuPjgDXHgiKiJCOAAAAgB4BNADCQX/AAMABwBAALACL7IPAgFdsADQsAAvtA8AHwACXbACELAD0BmwAy8YsAAQsAXQsAUvsAIQsAbQsAYvsAMQsAfQGbAHLxgwMQEzASMDMwMjAnmQ/ul5NonnbQX//tEBL/7RAAIAnf6PAc7/qQAKABQAQ7IDFRYREjmwAxCwDdAAsBUvsAPQsAMvtgADEAMgAwNdsA3QsA0vsQkGsAorWCHYG/RZsAMQsRMGsAorWCHYG/RZMDEXNDYzMhYVFAYiJjcUFjI2NTQmIgadWkA/WFh+W0kvRC4uRC/mPVJTPDtQTzwfKCgfICoqAAAB/OAE6P4vBgAAAwAjALABL7IPAQFdsADQGbAALxiwARCwAtCwAi+0DwIfAgJdMDEBIwMz/i9t4pEE6AEYAAH9mQTo/ukGAAADACMAsAIvsg8CAV2wAdCwAS+0DwEfAQJdsAIQsAPQGbADLxgwMQEzAyP+WJHoaAYA/uj///yqBPD/SwXTAAcApfxAAAAAAf1tBNL+mgZZAA8APwCwAC+wCNCwCC9ACw8IHwgvCD8ITwgFXbIOAAgREjmwDi+xAQawCitYIdgb9FmwCBCxBwawCitYIdgb9FkwMQE1NjY1NCYjNzIWFRQGBwf9j1dQbVwHiZ1bVQEE0n0HJzAtMk1eT0JTBz4AAvwvBOT+yQXuAAMABwBCALABL7I/AQFdsADQGbAALxiwARCwA9CwAy+2DwMfAy8DA12wABCwBNAZsAQvGLABELAF0LAFL7ADELAG0LAGLzAxASMBMwEjAzP91nn+0pkCAW36jQTkAQr+9gEKAAAB/WD+yv4F/2oACwASALADL7EJBbAKK1gh2Bv0WTAxBTQ2MzIWFRQGIyIm/WAsJicsLCcmLOciLy8iIS4uAAEAxwUEAYcGNAADAB4AsAIvsADQsAAvtA8AHwACXbACELAD0BmwAy8YMDEBMwMjARF2bVMGNP7QAAADAJkFJAM4BoAAAwAPABkANACwDS+wA9CwAy+wANCwAC+0DwAfAAJdsA0QsQcFsAorWCHYG/RZsBLQsA0QsBjQsBgvMDEBMwcjBTQ2MzIWFRQGIyImJTQ2MhYVFAYiJgHZhkhh/uMsJicsLCcmLAH6LEwtLUwsBoD8ECIvLyIhLi4gIi8vIiEuLv//AKMCewFNAyACBgB4AAAAAQC5AAAEJwWwAAUALACwAEVYsAQvG7EEHj5ZsABFWLACLxuxAg4+WbAEELEAAbAKK1gh2Bv0WTAxASERIxEhBCf9DXsDbgVH+rkFsAAAAgAsAAAFXwWwAAMABgAwALAARViwAC8bsQAePlmwAEVYsAIvG7ECDj5ZsQQBsAorWCHYG/RZsgYCABESOTAxAQEhAQEhAQMJAlb6zQJo/kQD3P4ZBbD6UAWw+rgEtwAAAwB2/+wE5AXEAAMAFQAjAJKyCCQlERI5sAgQsADQsAgQsCDQALAARViwES8bsREePlmwAEVYsAgvG7EIDj5ZsgMRCBESObADL7JfAwFdtK8DvwMCXbR/A48DAnGyrwMBcbRPA18DAnGyjwMBXbIvAwFdst8DAXGxAAGwCitYIdgb9FmwERCxGQGwCitYIdgb9FmwCBCxIAGwCitYIdgb9FkwMQEhNSEFFAIEIyIkAic1NBIkMzIEEhcHEAIjIgIRFRASMzISEQPF/dYCKgEfi/7+qab+/Y4BjQECp6gBAYwDeu7QyvHvztDsAqNlf8n+0KSkAS3Fo8cBM6Wi/tjDEAEHASr+1f70mP79/tEBKgELAAEARAAABOQFsAAGADEAsABFWLADLxuxAx4+WbAARViwAS8bsQEOPlmwAEVYsAUvG7EFDj5ZsgADARESOTAxAQEjATMBIwKT/jaFAhR3AhWFBPz7BAWw+lAAAAMAdAAABA0FsAADAAcACwB1ALAARViwCC8bsQgePlmwAEVYsAIvG7ECDj5ZsQABsAorWCHYG/RZsgUIAhESObAFL7KMBQFdtH8FjwUCcbKvBQFxtE8FXwUCcbIsBQFdslwFAV2yeQUBXbEGAbAKK1gh2Bv0WbAIELEKAbAKK1gh2Bv0WTAxNyEVIRMhFSEDIRUhdAOZ/GdhAs79MlUDcfyPaGgDEWkDCGkAAQC9AAAE6wWwAAcAOQCwAEVYsAYvG7EGHj5ZsABFWLAALxuxAA4+WbAARViwBC8bsQQOPlmwBhCxAgGwCitYIdgb9FkwMSEjESERIxEhBOt7/Mh7BC4FR/q5BbAAAAEAPwAABC4FsAAMAD4AsABFWLAILxuxCB4+WbAARViwAy8bsQMOPlmxAQGwCitYIdgb9FmwBdCwCBCxCgGwCitYIdgb9FmwB9AwMQEBIRUhNQEBNSEVIQECwf4ZA1T8EQIC/f4DufzrAd4C5/2BaFwCmwJcXWn9xAAAAwBYAAAFYwWwABQAGgAhAHyyCSIjERI5sAkQsBXQsAkQsB7QALAARViwEy8bsRMePlmwAEVYsAgvG7EIDj5ZsgATCBESObAAL7IWEwgREjmwFi+0DxYfFgJdsQcBsAorWCHYG/RZsArQsAAQsBLQsAAQsRUBsAorWCHYG/RZsBYQsB7Qsh8TCBESOTAxARYEFhAGBAcVIzUmJCY1NDYkNzUzERE2NhAmARQWFxEGBgMbqgEKlJH+9ax8rP73kpIBC6p82vP2/OH02NX3BPQDiPX+zvWKA8DAA4j1mZj2igO8/tv8nwTrAYTq/lLC6QQDYATqAAEAewAABQ0FsAAYAF2yABkaERI5ALAARViwBC8bsQQePlmwAEVYsBAvG7EQHj5ZsABFWLAXLxuxFx4+WbAARViwCi8bsQoOPlmyAAQKERI5sAAvsQkBsAorWCHYG/RZsAzQsAAQsBbQMDEBNjY3ETMRFAAHESMRJgAnETMRFBYWFxEzAv272QF7/uf3fO3+6gN7Y7J2fAHvD+29Agj9/fL+2Q/+ewGGDwEi6QIQ/fh8wnALA8EAAQB4AAAEuAXEACUAXrIHJicREjkAsABFWLAaLxuxGh4+WbAARViwDy8bsQ8OPlmwAEVYsCQvG7EkDj5ZsA8QsREBsAorWCHYG/RZsA7QsADQsBoQsQcBsAorWCHYG/RZsBEQsCLQsCPQMDElNhI3NTQCIyICFRUUEhcVITUhJgI1NTQSNjMyFhIVFRQCByEVIQLtmawC4ry9362g/jEBIISXh/WdnvaGmYABIf41dzUBNuqC7wEe/t/xcOz+wDZ3aGEBSMhzugEhnZ/+4Lh0yf62XmgAAAIAb//rBHoETgAXACMAf7IhJCUREjmwIRCwFNAAsABFWLAULxuxFBo+WbAARViwAC8bsQAaPlmwAEVYsAgvG7EIDj5ZsABFWLANLxuxDQ4+WbAIELEDAbAKK1gh2Bv0WbILFAgREjmyFhQIERI5sA0QsRsBsAorWCHYG/RZsBQQsSEBsAorWCHYG/RZMDEBERYzMjcXBiMiJicGIyICJycQEjMyFzcBFBYzMjcRJiYjIgYD0gFkFR0RKTlOXQ5u5bXdCgHgv+NsDv18pJfbXSyfa5WoBDr80rUIXRdbasUBBeU/AQkBMc25/cXM4/EBoH6J+AACALH+cQRCBcQAFQAqAGyyACssERI5sBnQALAQL7AARViwAC8bsQAePlmwAEVYsAwvG7EMDj5ZsikADBESObApL7EmAbAKK1gh2Bv0WbIGJikREjmyDwAMERI5sAAQsRkBsAorWCHYG/RZsAwQsSABsAorWCHYG/RZMDEBMhYVFAYHFhYVFAYjIiYnESMRNDY2ATQmIyIGFREWFjMyNjU0JicjNTMgAlK44WdfiJX1zWW2PHhvwgGSoIJ9rC21bKGysJiSWQErBcTVqmWlLSfGjcXjRDz+BQW2cL9u/oV5nLKK/MxIVauUj7EBZgAAAQAs/mEDwwQ6AAoAMQCwAEVYsAAvG7EAGj5ZsABFWLAGLxuxBho+WbAARViwAy8bsQMQPlmyCQYDERI5MDEBMwERIxEBMwEXNwNHfP5xeP5wfAE7FhgEOvvl/kIBvgQb/LVZWQAAAgBb/+wEGAYbAB8ALQBlshUuLxESObAVELAq0ACwAEVYsAMvG7EDID5ZsABFWLAVLxuxFQ4+WbADELEIAbAKK1gh2Bv0WbINFQMREjmwDS+xKgGwCitYIdgb9FmyHCoNERI5sBUQsSIBsAorWCHYG/RZMDETNDYzMhcHJiMiBhQWFxYSFRUUBgYjIgA1NTQSNycmJgMUFiA2NTU0JiYnIgYV2sqjooAKjI1th4eO0OF324vV/vXMlAFsdAbFAUTDXKBdpc4FCXuXQmdBW5poJTz+5cYcmPCEASPxGLQBDRsIKov9R7zr7MUWZLV5EOy/AAABAGv/7APoBE0AJgCRshQnKBESOQCwAEVYsAgvG7EIGj5ZsABFWLAkLxuxJA4+WbIUCCQREjmwFC+0LBQ8FAJdtG8UfxQCXbJPFAFxtH8UjxQCcbJZFAFdshkUAV2xFgGwCitYIdgb9FmyAhYUERI5sgwIJBESObAIELEPAbAKK1gh2Bv0WbAkELEdAbAKK1gh2Bv0WbIgJAgREjkwMRM0NyYmNTQ2MzIWFSM0JiMiBhUUITMVIwYGFRQWMzI2NTMUBiMiJmvhY2vixrn3d7WEjKMBM7HAmJ+vk4+7eP3Fx/QBKcg6I35OkaKwh1t3bGDCZAFibGF1gmOWtK0AAAEASf59A50FsAAeAD+yAh8gERI5ALAPL7AARViwAC8bsQAePlmyFA8AERI5sBQQsQkBsAorWCHYG/RZsAAQsRwBsAorWCHYG/RZMDEBFQEGBhUUFhcXFhYVFAYHJzY1NCYkJicmNTQTASE1A53+cH5kcYyyX0dlQUR3T/7jjCg59AFk/T0FsE7+A53leF9wJDMeU0RHpSc5YWsvNEhKMkh3+QEzAbZmAAEAnv5hA9UETgARAFSyDBITERI5ALAARViwAy8bsQMaPlmwAEVYsAAvG7EAGj5ZsABFWLAHLxuxBxA+WbAARViwDy8bsQ8OPlmyAQMPERI5sAMQsQwBsAorWCHYG/RZMDEBFzYzMhYXESMRNCYjIgcRIxEBDQZy6LivAXh/jPRIeAQ6rMDI0vutBE2fm/39FQQ6AAADAIr/7AQKBcQADQAVAB4AkrIDHyAREjmwAxCwEtCwAxCwG9AAsABFWLAKLxuxCh4+WbAARViwAy8bsQMOPlmyDgMKERI5sA4vsl8OAV20rw6/DgJdtE8OXw4CcbTfDu8OAl2yjw4BXbIvDgFdtH8Ojw4CcbAKELETAbAKK1gh2Bv0WbAOELEXAbAKK1gh2Bv0WbADELEbAbAKK1gh2Bv0WTAxARACIyICAzUQEjMyEhMFITU0AiACFQUhFRQSMzISNwQK6NfU6gPq1dbpAvz4ApCt/sirApD9cKydmKwDAmj+zv62AUYBKfEBMAFI/rz+1U9V+gEJ/vb9t0X1/usBBfYAAAEAtv/2AiEEOgANACkAsABFWLAALxuxABo+WbAARViwCS8bsQkOPlmxBAGwCitYIdgb9FkwMQERFBYzMjcXBiMiJjURAS5BTC8yBTdJe3AEOvzUWFcKZA+PiwMqAAABADH/9QQ9Be4AGQBQsg8aGxESOQCwAC+wAEVYsBAvG7EQDj5ZsABFWLALLxuxCw4+WbEHAbAKK1gh2Bv0WbIPEAAREjmyEgAQERI5sAAQsRYBsAorWCHYG/RZMDETMhcXARYWMzcXBiMiJicBASMBJycmIwcnNvycRBoBlBw6KisIGCxOZiz+9/6mhQGhXQ8sVS8FIQXumUH7z0o6BGMLUHECw/yHBBzvIVwEXwsAAAEAd/6DA5sFxAAsAGayAy0uERI5ALAARViwKi8bsSoePlmwAEVYsBYvG7EWFj5ZsCoQsQIBsAorWCHYG/RZsggtKhESObAIL7EJAbAKK1gh2Bv0WbIcFioREjmwHBCxEAGwCitYIdgb9FmyJAkIERI5MDEBJiMiBhUUITMVIyIGFRQWBBYWFRQGByc3NjU0LgQ1NDY3JiY1NDYzMhcDhn97o7ABc3x/1uSpAYJYKVtJRitMTP6qeUSsnHaJ9diWdAU1KX1r7me4rYarYjFDMz6NNDonRU8pMT9FaJZsltIsJZdin7MtAAABADP/9gSnBDoAFQBesg0WFxESOQCwAEVYsBQvG7EUGj5ZsABFWLAQLxuxEA4+WbAARViwCi8bsQoOPlmwFBCxAAGwCitYIdgb9FmwChCxBQGwCitYIdgb9FmwABCwDtCwD9CwEtCwE9AwMQEjERQWMzI3FwYjIiYnESERIxEjNSEEbblATS8yBTdJeXAC/iV4tgQ6A9P9PlpYCmQPioYCzfwtA9NnAAACAJ7+YAQDBE4ADgAaAFmyERscERI5sBEQsADQALAARViwAC8bsQAaPlmwAEVYsAovG7EKED5ZsABFWLAHLxuxBw4+WbIJAAcREjmxEQGwCitYIdgb9FmwABCxFwGwCitYIdgb9FkwMQEyEhEVFAIjIicRIxE2EgMWMzI2NTQmIyIGBwJQzebbwN50eALueFvcl6ekl42rAQRO/s3+9BD0/uGY/dwEBt8BCfy+u+Hi2fvevQABAG/+iAPTBE4AIQBWsgAiIxESOQCwAEVYsAAvG7EAGj5ZsABFWLATLxuxExY+WbAARViwGi8bsRoOPlmyBBoAERI5sAAQsQcBsAorWCHYG/RZsBoQsQ0BsAorWCHYG/RZMDEBMhYVIzQmIyIGFRUQBRYWFRQGByc3NjU0JicmAjU1NDY2Aj214XKfhZ24AZGTX2M6Qh1PQWXv9HPTBE7RsoKb8s0h/rViJF5UPZomORpKVDQ1FjQBCdIrm/iJAAACAFv/7ARsBDoAEQAfAE6yHCAhERI5sBwQsAnQALAARViwEC8bsRAaPlmwAEVYsAkvG7EJDj5ZsBAQsQABsAorWCHYG/RZsAkQsRUBsAorWCHYG/RZsAAQsBzQMDEBIRYWFRUUBgYjIgA1NTQAMyEBFBYzMjY1NTQmIyIGFQRs/sZteXjbitf+9wEL1wIv/GfGop/HxqOgxQPTROGTIZTyiAEv+hjpAST90sX29dAXue3vvwABAE3/7APJBDoAEQBLsgsSExESOQCwAEVYsBAvG7EQGj5ZsABFWLAKLxuxCg4+WbAQELEAAbAKK1gh2Bv0WbAKELEFAbAKK1gh2Bv0WbAAELAO0LAP0DAxASERFBYzMjcXBiMiJjURITUhA8n+bUVMIkEaOVt/dP6QA3wD1P0+YF8RWR+RmgK9ZgABAJv/7APLBDoAFAA9shAVFhESOQCwAEVYsAAvG7EAGj5ZsABFWLAJLxuxCRo+WbAARViwEC8bsRAOPlmxBAGwCitYIdgb9FkwMQERFhYzMhI1AgMzFhIVEAIjIiY1EQETAXx0lroDcoI6MPLQs7sEOv1VnKIBAMsBBgEYjv8Ajv7//s/Y0gKkAAACAHH+IgUOBDoAGgAkAGGyECUmERI5sBAQsBvQALAZL7AARViwBi8bsQYaPlmwAEVYsBEvG7ERGj5ZsABFWLAALxuxAA4+WbENAbAKK1gh2Bv0WbAAELAY0LANELAb0LARELEhAbAKK1gh2Bv0WTAxBSYAETQSNxcGBgcUFhcRNDYzMhYWFRQABxEjEzY2NSYmIyIGFQJ8/v7ziXs/XmsC0cJ4XXvOdP7i/Hh4weICuIwpNBMQASwBAasBElNXRe6Hz/YRAxdecoz3lvP+zxD+NQIwEP+/uvk5LQAAAQB5/kUFCgQ6ABoAWbIAGxwREjkAsA4vsABFWLAALxuxABo+WbAARViwBi8bsQYaPlmwAEVYsBQvG7EUGj5ZsABFWLAQLxuxEA4+WbEBAbAKK1gh2Bv0WbAQELAN0LABELAZ0DAxARE2EjUmAzMWFhUQAAURIxEmAAMRMxEWEhcRAu/H3QOJg0g4/uf+/nf0/voFeALFwAQ6/BkPAQHf8wEFiuuC/ur+zQz+VwGqEQEqARIB/v4K3v8AEgPmAAEAif/sBg8EOgAlAFuyHSYnERI5ALAARViwAC8bsQAaPlmwAEVYsBMvG7ETGj5ZsABFWLAaLxuxGg4+WbAARViwHy8bsR8OPlmxBQGwCitYIdgb9FmyCR8AERI5sA7Qsh0TGhESOTAxAQIDFBYzMjY3ETMRFhYzMjY1AgMzFhYVEAIjIiYnBiMiAjU0EjcBlJEDjX57hwJ5AoZ9fI8DkoNNPMqzd6goTvi0yD9KBDr+5P7zzvLEvQEw/tG9xfDQAQgBIZr/jv8A/tl8gf0BKP+UAQWOAAACAIX/7AR1BdAAIAAqAG6yKCssERI5sCgQsAbQALAARViwGi8bsRoePlmwAEVYsAYvG7EGDj5ZsiQaBhESObAkL7ETAbAKK1gh2Bv0WbAC0LILBhoREjmwBhCxDwGwCitYIdgb9FmwJBCwHtCwGhCxJwGwCitYIdgb9FkwMQEGBxUGBiMiJjURNxEWFjMyNjc1JgA1NTQ2MzIWFRE2NwEUFhcRAiMiBgcEdUdeAtXKw+d4AaCRlZED6f7xqYSYq1NI/W3KtgXGUmIBAqMdBt3T5O/TAUcC/rGjsaKm5hUBC9UMlbjQv/6oBhcBaKTMEgFlARZ2aQAB/9EAAASDBbsAHgBKshofIBESOQCwAEVYsAAvG7EAHj5ZsABFWLAVLxuxFR4+WbAARViwCi8bsQoOPlmwABCxBQGwCitYIdgb9FmwENCyGgAKERI5MDEBMhcHJiMiBgcBESMRASYmIyIHJzYzMhYXExc3EzY2BBI9NB0YLDZII/7ne/7lJEc1LBgdMj5ZcC/bFhjaMm8FuxtfD0RN/ZP9rgJWAmtMQw9eHF5o/hJKTQHqbVoAAAIAOP/sBiUEOgASACYAcrIIJygREjmwCBCwHtAAsABFWLARLxuxERo+WbAARViwBi8bsQYOPlmwAEVYsAovG7EKDj5ZsBEQsQABsAorWCHYG/RZsggRBhESObAP0LAQ0LAV0LAW0LAKELEbAbAKK1gh2Bv0WbIgBhAREjmwJNAwMQEjFhUUAiMiJwYjIgI1NDcjNSEDJichBgcUFjMyNjcRMxEWFjMyNgYlpli/q/dQT/arv1iXBe3FBGH8V2IChHV8hQJ5AoZ9dIQD083z/v7X/PwBKf7xz2f9197k5tzO8sa7ARn+6L3F8gAAAQA2//UFnwWwABsAcbIUHB0REjkAsABFWLAaLxuxGh4+WbAARViwFi8bsRYOPlmwAEVYsAwvG7EMDj5ZsBoQsQABsAorWCHYG/RZsgUaFhESObAFL7AMELENAbAKK1gh2Bv0WbAFELETAbAKK1gh2Bv0WbAAELAY0LAZ0DAxASERNjYzMgQVFAYGIycyNjU0JiMiBxEjESE1IQSY/cpRs0btAQZz2JQBqL3Ct6SlfP5QBGIFR/3qHyXs4n7HbWO2mau3Q/06BUdpAAEAhf/sBMEFxAAgAIOyAyEiERI5ALAARViwDC8bsQwePlmwAEVYsAMvG7EDDj5ZshAMAxESObAMELESAbAKK1gh2Bv0WbIXDAMREjmwFy+yjxcBXbJfFwFdsi8XAV20TxdfFwJxtH8XjxcCcbEYAbAKK1gh2Bv0WbADELEdAbAKK1gh2Bv0WbIgAwwREjkwMQEGBCMiJgInNTQSNjMyBBcjAiEiAgcVIRUhFRQSMzI2NwTBGf7p6KL5iAGI/qfqAQ8Wey7+msTpBAJf/aHlw8HEFwHG5vSiASm/vMIBLKT93wFz/t72Lmgx/P7UubkAAAIAMwAACAIFsAAZACIAd7IKIyQREjmwChCwGtAAsABFWLAALxuxAB4+WbAARViwCS8bsQkOPlmwAEVYsBEvG7ERDj5ZsgEACRESObABL7AAELELAbAKK1gh2Bv0WbARELETAbAKK1gh2Bv0WbABELEaAbAKK1gh2Bv0WbATELAb0LAc0DAxAREhHgIVFAQjIREhAwICBgcjNTc2NhITEwERITI2NTQmJwS3AXGQ2HL+/OL+IP3QIhRTmYM0KGdoORAkAyABaKjAuqEFsP2gAWnAfsPlBUf9pv69/tuDAmgBBXgBDQEZAqT9OP2AsJKMrwMAAgC6AAAIMwWwABMAHACUsgEdHhESObABELAU0ACwAEVYsAIvG7ECHj5ZsABFWLASLxuxEh4+WbAARViwDC8bsQwOPlmwAEVYsBAvG7EQDj5ZsgECDBESObABL7JfAQFdsi8BAV2yjwEBXbIEAgwREjmwBC+wARCxDgGwCitYIdgb9FmwBBCxFAGwCitYIdgb9FmwDBCxFQGwCitYIdgb9FkwMQEhETMRITIWFhUUBAchESERIxEzAREhMjY1NCYnATUDOHsBapPadP7+3v4a/Mh7ewOzAWipv7ukAxECn/2LZLp9vuEBAqn9VwWw/SP9maiOiKcCAAABADYAAAXDBbAAFQBfsg4WFxESOQCwAEVYsBQvG7EUHj5ZsABFWLAILxuxCA4+WbAARViwEC8bsRAOPlmwFBCxAAGwCitYIdgb9FmyBBQIERI5sAQvsQ0BsAorWCHYG/RZsAAQsBLQsBPQMDEBIRE2MzIWFxEjESYmIyIHESMRITUhBJf90by4+uoDfAGrv7e9e/5JBGEFR/3jM9nc/lgBoq6kNP1ABUdpAAEAuf6fBOgFsAALAEkAsAkvsABFWLAALxuxAB4+WbAARViwBC8bsQQePlmwAEVYsAYvG7EGDj5ZsABFWLAKLxuxCg4+WbECAbAKK1gh2Bv0WbAD0DAxEzMRIREzESERIxEhuXwDOHv+LHz+IQWw+rgFSPpQ/p8BYQAAAgCxAAAEeAWwAA0AFgBesgoXGBESObAKELAQ0ACwAEVYsAwvG7EMHj5ZsABFWLAKLxuxCg4+WbAMELEAAbAKK1gh2Bv0WbICDAoREjmwAi+xDgGwCitYIdgb9FmwChCxDwGwCitYIdgb9FkwMQEhESEyFhYVFAQjIREhAREhMjY1NCYnBB/9DgFpldpz/v7k/h8Dbv0OAWipvrimBUf98WO5fsHdBbD9H/2Zp5GKowIAAAIAR/6fBYgFsAAOABUAXbISFhcREjmwEhCwDdAAsAIvsABFWLANLxuxDR4+WbAARViwBC8bsQQOPlmxAAGwCitYIdgb9FmwAhCwBtCwABCwCNCwCdCwD9CwENCwDRCxEQGwCitYIdgb9FkwMSUzAyMRIREjETM2EhMTIQEhESEDAgIE7ZsBe/u2e2FviQ4aAyX8SgM7/cwUDX9o/jcBYf6fAcl0Ab0BCQIO+rgE3/5f/vz+SgAAAQAXAAAG9AWwABUAiACwAEVYsAkvG7EJHj5ZsABFWLANLxuxDR4+WbAARViwES8bsREePlmwAEVYsAIvG7ECDj5ZsABFWLAGLxuxBg4+WbAARViwFC8bsRQOPlmyEAkCERI5sBAvsi8QAV2yXxABXbEAAbAKK1gh2Bv0WbAE0LIIEAAREjmwEBCwC9CyEwAQERI5MDEBIxEjESMBIwEBMwEzETMRMwEzAQEjBGmke6n+EpwCG/4JlQHKsHusAcqU/gkCHJsCtf1LArX9SwLwAsD9bgKS/W4Ckv1B/Q8AAQBa/+wEZAXEACkAfrInKisREjkAsABFWLALLxuxCx4+WbAARViwFi8bsRYOPlmwCxCxAwGwCitYIdgb9FmyBgsWERI5sicLFhESObAnL7IvJwFdsl8nAV20TydfJwJxsSQBsAorWCHYG/RZshEkJxESObIbFgsREjmwFhCxHgGwCitYIdgb9FkwMQE0JiMiBhUjNDY2MzIEFRQGBwQRFAQjIiYmNTMUFjMyNjU0JicjNTM2NgPTxreeznt+44bsAQyOeAEc/uPxkvB6e9qnvda+xrq0tr4ENImeqIF0t2fSwW+uKkz+7b3ib718jLWnjZWTAmoBjQABALwAAATwBbAACQBFALAARViwAC8bsQAePlmwAEVYsAcvG7EHHj5ZsABFWLACLxuxAg4+WbAARViwBS8bsQUOPlmyBAACERI5sgkAAhESOTAxATMRIxEBIxEzEQR1e3v8w3x8BbD6UATe+yIFsPsjAAABACgAAATjBbAAEQBPsgQSExESOQCwAEVYsAAvG7EAHj5ZsABFWLABLxuxAQ4+WbAARViwCS8bsQkOPlmwABCxAwGwCitYIdgb9FmwCRCxDAGwCitYIdgb9FkwMQERIxEhAwICBgcjNTc2NhITEwTje/2ZIhRTmYM0KGdoORAkBbD6UAVH/ab+vf7bgwJoAQV4AQ0BGQKkAAEAN//rBM0FsAARAESyBBITERI5ALAARViwAS8bsQEePlmwAEVYsBAvG7EQHj5ZsABFWLAGLxuxBg4+WbIAAQYREjmxCwGwCitYIdgb9FkwMQEBMwEHBiMiJzcWMzI/AgEzAp4BnpH9zSRqzj0hCxU/fEsZP/3ZjQILA6X7PUW9C2QHfy2CBC8AAAMATP/EBakF7AAZACIAKwBgsgwsLRESObAMELAa0LAMELAq0ACwCy+wGS+yFhkLERI5sBYvsAHQsAEvsg4LGRESObAOL7AJ0LAJL7AOELEpAbAKK1gh2Bv0WbAc0LAWELEjAbAKK1gh2Bv0WbAi0DAxATMWBBIVFAIEByMVIzUjIiQCNTQSJDMzNTMRETMyADU0AicnIgAVFBIXFxEDNiKpARCYlv7xqSV4HKz+75mZARKrHHgd2gEE8svR2/788sw8BRwBlP73oqP++JYC1dWTAQqkowELlND+yvxIAQbYzQECCgH+/NjR/wAKAQO4AAEAs/6hBXEFsAALAEOyAwwNERI5ALAIL7AARViwAC8bsQAePlmwAEVYsAQvG7EEHj5ZsABFWLAKLxuxCg4+WbECAbAKK1gh2Bv0WbAG0DAxEzMRIREzETMDIxEhs3wDOHuPCXL7vQWw+rgFSPq6/jcBXwAAAQCsAAAEmQWwABEASbIFEhMREjkAsABFWLAALxuxAB4+WbAARViwCS8bsQkePlmwAEVYsAEvG7EBDj5Zsg4AARESOXywDi8YsQUBsAorWCHYG/RZMDEBESMRBiMiJicRMxEWFjMyNxEEmXzNvfjsA3wBrb2/ywWw+lACljnW3gGf/mixoTkCsQAAAQC2AAAGsgWwAAsASQCwAEVYsAAvG7EAHj5ZsABFWLADLxuxAx4+WbAARViwBy8bsQcePlmwAEVYsAkvG7EJDj5ZsQEBsAorWCHYG/RZsAXQsAbQMDEBESERMxEhETMRIREBMgJGewJEe/oEBbD6uAVI+rgFSPpQBbAAAAEAtv6hBzwFsAAPAFUAsAsvsABFWLAALxuxAB4+WbAARViwAy8bsQMePlmwAEVYsAcvG7EHHj5ZsABFWLANLxuxDQ4+WbEBAbAKK1gh2Bv0WbAF0LAG0LAJ0LAK0LAC0DAxAREhETMRIREzETMDIxEhEQEyAkZ7AkR7iglt+fAFsPq4BUj6uAVI+rX+PAFfBbAAAv/2AAAFpAWwAA0AFgBhsgoXGBESObAKELAQ0ACwAEVYsAAvG7EAHj5ZsABFWLAKLxuxCg4+WbICAAoREjmwAi+wABCxDAGwCitYIdgb9FmwAhCxDgGwCitYIdgb9FmwChCxDwGwCitYIdgb9FkwMQMhESEyFhYVFAQjIREhAREhMjY1NCYnCgJjAWmV2nP+/uT+IP4YAmMBaKm+uKYFsP2IY7l+wd0FSv2F/ZmnkYqjAgAAAwC6AAAF6wWwAAsAFAAYAG+yExkaERI5sBMQsALQsBMQsBbQALAARViwCi8bsQoePlmwAEVYsBcvG7EXHj5ZsABFWLAILxuxCA4+WbAARViwFS8bsRUOPlmyAAoIERI5sAAvsQwBsAorWCHYG/RZsAgQsQ0BsAorWCHYG/RZMDEBITIWFhUUBCMhETMRESEyNjU0JicBIxEzATUBaZXac/7+5P4gewFoqb64pgNFe3sDOGO5fsHdBbD9H/2Zp5GKowL9MQWwAAACALIAAAR4BbAACwAUAE+yCBUWERI5sAgQsA7QALAARViwCi8bsQoePlmwAEVYsAgvG7EIDj5ZsgAKCBESObAAL7EMAbAKK1gh2Bv0WbAIELENAbAKK1gh2Bv0WTAxASEyFhYVFAQjIREzEREhMjY1NCYnAS0BaZXac/7+5P4gewFoqb64pgM4Y7l+wd0FsP0f/ZmnkYqjAgAAAQCN/+wEyAXEAB8AhbIDICEREjkAsABFWLAULxuxFB4+WbAARViwHC8bsRwOPlmyABwUERI5sQMBsAorWCHYG/RZsgoUHBESObAKL7RPCl8KAnGyXwoBXbKPCgFdsi8KAV20fwqPCgJxsq8KAXGxBwGwCitYIdgb9FmwFBCxDgGwCitYIdgb9FmyEBQcERI5MDEBFhYzMhI1NSE1ITU0AiMgAyM2JDMyABEVFAIGIyIkJwEIGca9xeT9oAJg6sf+mi57FgES5/sBMYn5our+6hcBxr+zATD/JGkk/QEq/o3i+v6Z/s2uwv7TofbkAAIA0f/sBscFxAAWACQAlbIFJSYREjmwBRCwINAAsABFWLAMLxuxDB4+WbAARViwEi8bsRIePlmwAEVYsAovG7EKDj5ZsABFWLAELxuxBA4+WbIPDAoREjmwDy+yXw8BXbRPD18PAnGyjw8BXbIvDwFdtH8Pjw8CcbEIAbAKK1gh2Bv0WbASELEaAbAKK1gh2Bv0WbAEELEhAbAKK1gh2Bv0WTAxARQCBCMiABE1IREjETMRITQSJCAEEhcHEAIjIgIRFRASMzISEQbHi/7+qf/+xv70e3sBDI0BAgFQAQGMA3vuz8vx8M7R6gKJyf7QpAFtATYf/VIFsP1j2gEypaL+2MMQAQcBKv7V/vSY/v3+0QErAQsAAgBcAAAEPgWwAA0AFgBjshQXGBESObAUELAL0ACwAEVYsAsvG7ELHj5ZsABFWLAALxuxAA4+WbAARViwAy8bsQMOPlmyEgsAERI5sBIvsQEBsAorWCHYG/RZsgUBCxESObALELETAbAKK1gh2Bv0WTAxIREhASMBJiY1NCQzIREBFBYzIREhIgYDwv5d/sKFAVeNlAEF7QG6/M+1nwFh/r6ywQJR/a8CczHGj87p+lAD+pCwAo2tAAIAYf/sBB4GEQAcACkAZ7IIKisREjmwCBCwIdAAsABFWLASLxuxEiA+WbAARViwCC8bsQgOPlmyAAgSERI5sAAvsg8SCBESObIXCBIREjmyGggAERI5sAgQsSEBsAorWCHYG/RZsAAQsSgBsAorWCHYG/RZMDEBMgAVFRQGBiMiADU1EAA3NjY1MxQGBgcGBgc2NgMVFBYzMjY1NTQmIAYCUM4BAHXbjtb+9wEA7JV5Z0aMkKXJHkDB/MahosTH/r7EA/L+894ak+uDAR3uYAFQAZInGFJHVG5DFxrlwFRo/hQZt+XnvBqp1tkAAwCpAAAECwQ6AA4AFwAfAI+yAiAhERI5sAIQsBHQsAIQsB7QALAARViwAS8bsQEaPlmwAEVYsAAvG7EADj5ZshgBABESObAYL7RvGH8YAl20fxiPGAJxsp8YAXKyTxgBcbQvGD8YAl2yzxgBcrEPAbAKK1gh2Bv0WbIIDxgREjmwABCxEAGwCitYIdgb9FmwARCxHgGwCitYIdgb9FkwMTMRITIWFRQGBxYWFRQGIwERITI2NTQmIyUhJDU0JiMhqQGNztxiXmqB08H+qQFbh5KSh/6lAS8BGpuY/uoEOpOOUX8dFI5ej50B8v5yaGJaamQEvGNbAAABAKMAAAM+BDoABQAsALAARViwBC8bsQQaPlmwAEVYsAIvG7ECDj5ZsAQQsQABsAorWCHYG/RZMDEBIREjESEDPv3deAKbA9P8LQQ6AAACADT+wgRLBDoADgAUAF2yEhUWERI5sBIQsATQALAML7AARViwBC8bsQQaPlmwAEVYsAovG7EKDj5ZsQABsAorWCHYG/RZsAbQsAfQsAwQsAnQsAcQsA/QsBDQsAQQsREBsAorWCHYG/RZMDE3NzYTEyERMxEjESERIxMzIREhAwKDNX4TEwJ/cHf803MB2AJW/msNEmVFqwFJAZz8K/5dAT7+wgGjA2X+5/59AAABABgAAAYABDoAFQCRALAARViwCS8bsQkaPlmwAEVYsA0vG7ENGj5ZsABFWLARLxuxERo+WbAARViwAi8bsQIOPlmwAEVYsAYvG7EGDj5ZsABFWLAULxuxFA4+WbIQEQIREjmwEC+0bxB/EAJdtC8QPxACXbJPEAFxsQABsAorWCHYG/RZsATQsggQABESObAQELAL0LITABAREjkwMQEjESMRIwEjAQEzATMRMxEzATMBASMD15B4j/5wmAHA/nKRAWOReJIBY5P+cAHBmQH0/gwB9P4MAisCD/4lAdv+JQHb/fH91QAAAQBi/+0DogRNACYAh7IVJygREjkAsABFWLAKLxuxCho+WbAARViwFS8bsRUOPlmwChCxAwGwCitYIdgb9FmyBgoVERI5siQKFRESObAkL7RvJH8kAl20LyQ/JAJdsk8kAXG0fySPJAJxsSIBsAorWCHYG/RZshAiJBESObIZFQoREjmwFRCxHAGwCitYIdgb9FkwMQE0JiMiBhUjNDYzMhYVFAYHFhUUBiMiJjUzFBYzMjY1NCYjIzUzNgMWkoB0pXfnqbrQYFzQ4ru17nitfombjpKlufkDHGJqd1uHsKCTTn4jOcmSqraTYoNzY21gaAYAAAEApAAAA9sEOgAJAEUAsABFWLAALxuxABo+WbAARViwBy8bsQcaPlmwAEVYsAIvG7ECDj5ZsABFWLAFLxuxBQ4+WbIEBwIREjmyCQcCERI5MDEBMxEjEQEjETMRA2N4eP24d3cEOvvGA3n8hwQ6/IYAAAEAowAABBUEOgAMAG4AsABFWLAELxuxBBo+WbAARViwCC8bsQgaPlmwAEVYsAIvG7ECDj5ZsABFWLALLxuxCw4+WbIGAgQREjmwBi+0bwZ/BgJdsk8GAXG0LwY/BgJdtH8GjwYCcbEBAbAKK1gh2Bv0WbIKAQYREjkwMQEjESMRMxEzATMBASMBwqZ5eaQBjZf+RAHtngHw/hAEOv4gAeD98/3TAAABACwAAAPcBDoAEABPsgQREhESOQCwAEVYsAAvG7EAGj5ZsABFWLABLxuxAQ4+WbAARViwCS8bsQkOPlmwABCxAwGwCitYIdgb9FmwCRCxDAGwCitYIdgb9FkwMQERIxEhAw4CIyM1NzY2NxMD3Hj+RRMMQoJsLiVnWg4WBDr7xgPT/mvh7XBqAgLE/AIMAAABAKkAAAU1BDoADABZALAARViwAS8bsQEaPlmwAEVYsAsvG7ELGj5ZsABFWLADLxuxAw4+WbAARViwBi8bsQYOPlmwAEVYsAkvG7EJDj5ZsgALAxESObIFCwMREjmyCAsDERI5MDElATMRIxEBIwERIxEzAvMBrpR4/mBV/lh3naIDmPvGA3j8iAOM/HQEOgABAKQAAAPbBDoACwBsALAARViwBi8bsQYaPlmwAEVYsAovG7EKGj5ZsABFWLAALxuxAA4+WbAARViwBC8bsQQOPlmyCQoAERI5sAkvtG8JfwkCXbR/CY8JAnGyTwkBcbQvCT8JAl2ynwkBcrECAbAKK1gh2Bv0WTAxISMRIREjETMRIREzA9t4/bl4eAJHeAHw/hAEOv4bAeUAAQCkAAAD2wQ6AAcAOQCwAEVYsAYvG7EGGj5ZsABFWLAALxuxAA4+WbAARViwBC8bsQQOPlmwBhCxAgGwCitYIdgb9FkwMSEjESERIxEhA9t4/bl4AzcD0/wtBDoAAAEAKAAAA6UEOgAHADIAsABFWLAGLxuxBho+WbAARViwAi8bsQIOPlmwBhCxAAGwCitYIdgb9FmwBNCwBdAwMQEhESMRITUhA6X+dnj+hQN9A9T8LAPUZgADAG/+YAVdBgAAGwAmADEAgbIHMjMREjmwBxCwIdCwBxCwLNAAsAYvsABFWLADLxuxAxo+WbAARViwCi8bsQoaPlmwAEVYsBQvG7EUED5ZsABFWLARLxuxEQ4+WbAARViwGC8bsRgOPlmwChCxHwGwCitYIdgb9FmwERCxJAGwCitYIdgb9FmwKtCwHxCwL9AwMRMQEjMyFxEzETYzMhIXFxQCIyInESMRBiMiAiclNCYjIgcRFjMyNiUUFjMyNxEmIyIGb8+3aUl3Sm6t0AkB0LVsTndNZ6vOCgR2nY1mOD9hjJz8AZaNXj86YYyZAhQBCAEyLwHh/hsz/ur4Qff+4y/+RgG5LgED5UHa+iz8uyfhzszjKQNGKfkAAAEApP6/BEkEOgALADwAsAgvsABFWLAALxuxABo+WbAARViwBC8bsQQaPlmwAEVYsAovG7EKDj5ZsQIBsAorWCHYG/RZsAbQMDETMxEhETMRMwMjESGkeAJHeG4JbvzSBDr8KwPV/Cv+WgFBAAEAbgAAA54EOgARAEmyBBITERI5ALAARViwCC8bsQgaPlmwAEVYsBAvG7EQGj5ZsABFWLAALxuxAA4+WbINEAAREjl8sA0vGLEEAbAKK1gh2Bv0WTAxISMRBiMiJicRMxEWFjM2NxEzA554lIfXwgR3AoWfkYp4Acc2vcgBJP7im4kEMAIOAAABAKQAAAXKBDoACwBJALAARViwAC8bsQAaPlmwAEVYsAMvG7EDGj5ZsABFWLAHLxuxBxo+WbAARViwCS8bsQkOPlmxAQGwCitYIdgb9FmwBdCwBtAwMQERIREzESERMxEhEQEcAeF4Ad14+toEOvwrA9X8KwPV+8YEOgAAAQCe/r8GRgQ6AA8ATACwDC+wAEVYsAAvG7EAGj5ZsABFWLADLxuxAxo+WbAARViwBy8bsQcaPlmwAEVYsA0vG7ENDj5ZsQEBsAorWCHYG/RZsAXQsAnQMDEBESERMxEhETMRMwMjESERARYB4ngB3HiCCW76zwQ6/CsD1fwrA9X8K/5aAUEEOgAAAgAjAAAEtQQ6AA0AFgBhsgEXGBESObABELAO0ACwAEVYsAAvG7EAGj5ZsABFWLAKLxuxCg4+WbICAAoREjmwAi+wABCxDAGwCitYIdgb9FmwAhCxDgGwCitYIdgb9FmwChCxDwGwCitYIdgb9FkwMRMhESEyFhYVFAYjIREhAREhMjY1NCYnIwHQATh4tV3Xt/5V/qcB0AE2gZOPfAQ6/ndXmmadvQPU/nf+GoJxbIUCAAMAqQAABVEEOgALABQAGABvsgcZGhESObAHELAT0LAHELAW0ACwAEVYsAovG7EKGj5ZsABFWLAXLxuxFxo+WbAARViwCC8bsQgOPlmwAEVYsBUvG7EVDj5ZsgAXCBESObAAL7EMAbAKK1gh2Bv0WbAIELENAbAKK1gh2Bv0WTAxASEyFhYVFAYjIREzEREhMjY1NCYnASMRMwEgATh4tV3Xt/5VdwE2gZOPfALyeHgCsVeaZp29BDr+Ef4agnFshQL9tQQ6AAIAqQAAA+IEOgALABQAT7IIFRYREjmwCBCwDtAAsABFWLAKLxuxCho+WbAARViwCC8bsQgOPlmyAAoIERI5sAAvsQwBsAorWCHYG/RZsAgQsQ0BsAorWCHYG/RZMDEBITIWFhUUBiMhETMRESEyNjU0JicBIAE4eLVd17f+VXcBNoGTj3wCsVeaZp29BDr+Ef4agnFshQIAAQBv/+wD0wROAB8AirIQICEREjkAsABFWLAILxuxCBo+WbAARViwEC8bsRAOPlmwCBCxAAGwCitYIdgb9FmyAwgQERI5shQQCBESObAQELEXAbAKK1gh2Bv0WbIdCBAREjmwHS+yvx0BcbRvHX8dAl20Lx0/HQJdtH8djx0CcbKvHQFysk8dAXGxGgGwCitYIdgb9FkwMQEiBhUjNDY2MzISFxcUBgYjIiY1MxQWMzI2NyE1ISYmAgV8pnRtvmvH/AoBdNCJsuV0pX6Wtwf+FwHpCbUD6I9xYqRg/uniTZz5h9ergZzgv2W33AACAKn/7AYaBE4AFQAjAJ6yDiQlERI5sA4QsBjQALAARViwBS8bsQUaPlmwAEVYsBUvG7EVGj5ZsABFWLASLxuxEg4+WbAARViwDS8bsQ0OPlmyARIVERI5sAEvtG8BfwECXbJPAQFxtH8BjwECcbSfAa8BAl20LwE/AQJdsr8BAXGxEAGwCitYIdgb9FmwDRCxGQGwCitYIdgb9FmwBRCxIAGwCitYIdgb9FkwMQEhPgIzMgAVFRQGBiMiACchESMRMwEUFjMyNjU1NCYjIgYVASABNQV+2IbXAQ163IzP/vYK/st3dwGryaShycqiocoCTZTtgP7Q+hic/IgBGeL+GQQ6/dLC+fnMF8D7+8sAAAIAXQAAA7EEOgANABYAY7INFxgREjmwDRCwFNAAsABFWLAALxuxABo+WbAARViwAS8bsQEOPlmwAEVYsAUvG7EFDj5ZshIAARESObASL7EDAbAKK1gh2Bv0WbIHAwAREjmwABCxEwGwCitYIdgb9FkwMQERIxEhASMBJiY1NDYzARQWFyERISIGA7F4/rD++IQBEG9707T+8XlsAVn+zn2PBDr7xgG0/kwBwx2mcZOw/rtfegIBungAAAH/5v5LA8wGAAAlAIWyDyYnERI5ALAiL7AARViwBS8bsQUaPlmwAEVYsBwvG7EcDj5ZsABFWLAMLxuxDBA+WbIvIgFdsg8iAV2yJRwiERI5sCUvsQABsAorWCHYG/RZsgIFHBESObAMELERAbAKK1gh2Bv0WbAFELEYAbAKK1gh2Bv0WbAAELAe0LAlELAg0DAxASERNjYzMhYXERQGIyInNxYzMjY1ETQmIyIGBxEjESM1MzUzFSECSP7LO7htrqoBoJA+PQ4rQlhheYZvqyl3trZ3ATUE0/6wYWrExPzhqrITYxCAdgMalZCLdv0bBNNmx8cAAAEAa//sA9kETgAfAImyECAhERI5ALAARViwEC8bsRAaPlmwAEVYsAgvG7EIDj5ZsQABsAorWCHYG/RZsgMIEBESObIUEAgREjmwEBCxFwGwCitYIdgb9FmyGxAIERI5sBsvtH8bjxsCcbRvG38bAl20Lxs/GwJdsk8bAXGyvxsBcbSfG68bAl2xHAGwCitYIdgb9FkwMSUyNjczDgIjIgI1NTQ2NjMyFhcjJiYjIgYHIRUhFhYCOXupCXMFcr1s1vhw0Yyy5whzCKd/nLIHAe3+EweyUYtyY6NcASf+IaD2htStf5zZv2bB2AAAAgAkAAAGjAQ6ABcAIAB9sgkhIhESObAJELAY0ACwAEVYsBYvG7EWGj5ZsABFWLAILxuxCA4+WbAARViwDy8bsQ8OPlmyABYIERI5sAAvsBYQsQoBsAorWCHYG/RZsA8QsREBsAorWCHYG/RZsAAQsRgBsAorWCHYG/RZsAgQsRkBsAorWCHYG/RZMDEBIRYXFhUUBgchESEDAgYHIzU3NjY3EyERESEyNjU0JicDygE4vGtj1LT+Tv5PFRGLlTcmZ1oOFgKbATaBk5J9AokBXliMkrMBA9P+Qf7b7ANqAgLE/AIM/er+QH1nY3gBAAIApAAABpwEOgASABsAhbIBHB0REjmwARCwE9AAsABFWLACLxuxAho+WbAARViwES8bsREaPlmwAEVYsAsvG7ELDj5ZsABFWLAPLxuxDw4+WbIBEQsREjmwAS+yBAsCERI5sAQvsAEQsQ0BsAorWCHYG/RZsAQQsRMBsAorWCHYG/RZsAsQsRQBsAorWCHYG/RZMDEBIREzESEWFhUUBgchESERIxEzAREhMjY1NCYjARwCR3gBRa3P1LD+S/25eHgCvwE2f5SVfAKMAa7+TwSsk5SwAgIn/dkEOv3q/kB7aWZ2AAH/8AAAA8wGAAAbAHayABwdERI5ALAYL7AARViwBS8bsQUaPlmwAEVYsAkvG7EJDj5ZsABFWLASLxuxEg4+WbIvGAFdsg8YAV2yGxIYERI5sBsvsQABsAorWCHYG/RZsgIFCRESObAFELEOAbAKK1gh2Bv0WbAAELAU0LAbELAW0DAxASERNjYzMhYXESMRJiYjIgYHESMRIzUzNTMVIQJU/r87uG2uqgF3AXmFb6spd6ysdwFBBN/+pGFqxMT9OgLHkY6Ldv0bBN9mu7sAAQCk/p8D2wQ6AAsARgCwCC+wAEVYsAAvG7EAGj5ZsABFWLADLxuxAxo+WbAARViwBS8bsQUOPlmwAEVYsAkvG7EJDj5ZsQEBsAorWCHYG/RZMDEBESERMxEhESMRIREBHAJHeP6keP6dBDr8KwPV+8b+nwFhBDoAAQCq/+wGbwWwACAAYbIHISIREjkAsABFWLAALxuxAB4+WbAARViwDi8bsQ4ePlmwAEVYsBcvG7EXHj5ZsABFWLAELxuxBA4+WbAARViwCi8bsQoOPlmyBwAEERI5sRMBsAorWCHYG/RZsBzQMDEBEQYGIyImJwYGIyImJxEzERYWMzI2NxEzERYWMzI2NxEGbwHUunOzLjC0drTRA3wBkXqDlwF/AZOAfpUBBbD76srkaGpqaN/HBB776ZevspUEFvvqlbKxlgQWAAEAnf/rBeMEOgAhAGGyByIjERI5ALAARViwAC8bsQAaPlmwAEVYsA4vG7EOGj5ZsABFWLAYLxuxGBo+WbAARViwBC8bsQQOPlmwAEVYsAovG7EKDj5ZsgcYBBESObEUAbAKK1gh2Bv0WbAd0DAxAREGBiMiJicGBiMiJicRMxEWFxYzMjY1ETMRFBYzMjY3EQXjAsSpaKIrLaRqpMECdwFMQGN1i3iGcm+GAgQ6/T25011gYF3QuwLE/UKYUUOjjAK7/UWNop2KAsMAAAL/4wAAA+EGCwATABwAd7IKHR4REjmwChCwFtAAsABFWLAOLxuxDhw+WbAARViwEi8bsRIcPlmwAEVYsAovG7EKDj5ZsBIQsQABsAorWCHYG/RZsgIOChESObACL7AAELAM0LAN0LACELEUAbAKK1gh2Bv0WbAKELEVAbAKK1gh2Bv0WTAxASERITIWFhUUBiMhESM1MxEzESEBESEyNjU0JicCZf67ATd4tF7Ytf5UxcV4AUX+uwE1gpKOewQ6/olYn2mjwAQ6ZQFs/pT9vv4Ih3VwiQMAAAEA0v/tBowFxQAkAJSyAyUmERI5ALAARViwIy8bsSMePlmwAEVYsAQvG7EEHj5ZsABFWLAhLxuxIQ4+WbAARViwGy8bsRsOPlmyDRsEERI5sA0vsi8NAV2wAdCyCAQbERI5sAQQsQoBsAorWCHYG/RZsA0QsQ8BsAorWCHYG/RZsBsQsRQBsAorWCHYG/RZshcbBBESObAPELAf0LAg0DAxASEQADMyBBcjAiEiAhEhFSEVFBIzMjY3MwYEIyIAETUhESMRMwFNAQQBMfvnARIWey7+msbrAhP97eTFwcQXexf+6ur5/tX+/Ht7AywBMwFm+uIBc/7Y/vhlSvj+0Lm55PYBagEuQv05BbAAAAEApv/sBYMETgAkAKayHSUmERI5ALAARViwJC8bsSQaPlmwAEVYsAQvG7EEGj5ZsABFWLAhLxuxIQ4+WbAARViwHC8bsRwOPlmyDhwEERI5sA4vtG8Ofw4CXbJPDgFxtC8OPw4CXbR/Do8OAnGwAdCyCAQcERI5sAQQsQsBsAorWCHYG/RZsA4QsREBsAorWCHYG/RZsBwQsRQBsAorWCHYG/RZshccBBESObARELAf0DAxATM2EjMyFhcjJiYjIgYHIRUhFhYzMjY3Mw4CIyICJyMRIxEzAR75C/fJsucIcwinf5ezCgHY/icFtZx9qQdzBXK9bND2B/h4eAJZ6AEN1K1/nNC/ZsnZjXBjo1wBGO/+DQQ6AAACACUAAATEBbAACwAOAFcAsABFWLAILxuxCB4+WbAARViwAi8bsQIOPlmwAEVYsAYvG7EGDj5ZsABFWLAKLxuxCg4+WbINCAIREjmwDS+xAAGwCitYIdgb9FmwBNCyDggCERI5MDEBIxEjESMDIwEzASMBIQMDmu954quAAhZ3AhKA/TIB/v4B2v4mAdr+JgWw+lACRQLEAAIAGQAABAsEOgALABAAVwCwAEVYsAgvG7EIGj5ZsABFWLACLxuxAg4+WbAARViwBi8bsQYOPlmwAEVYsAovG7EKDj5Zsg0CCBESObANL7EBAbAKK1gh2Bv0WbAE0LIPCAIREjkwMQEjESMRIwMjATMBIwEhAycHAvyreLKSfAHEaQHFfP3DAX6YJygBW/6lAVv+pQQ6+8YBwQFogoIAAgDkAAAG1QWwABMAFgB9ALAARViwAi8bsQIePlmwAEVYsBIvG7ESHj5ZsABFWLAELxuxBA4+WbAARViwCC8bsQgOPlmwAEVYsAwvG7EMDj5ZsABFWLAQLxuxEA4+WbIVAgQREjmwFS+wANCwFRCxBgGwCitYIdgb9FmwCtCwBhCwDtCyFgIEERI5MDEBIQEzASMDIxEjESMDIxMhESMRMwEhAwFfAawBQXcCEoCq73niq4Cu/nt7ewIoAf7+AkUDa/pQAdr+JgHa/iYB2/4lBbD8lQLEAAIAyQAABcoEOgATABgAgACwAEVYsAIvG7ECGj5ZsABFWLASLxuxEho+WbAARViwBC8bsQQOPlmwAEVYsAgvG7EIDj5ZsABFWLAMLxuxDA4+WbAARViwEC8bsRAOPlmyABASERI5sAAvsAHQsQ4BsAorWCHYG/RZsAvQsAfQsAEQsBTQsBXQshcSBBESOTAxASEBMwEjAyMRIxEjAyMTIREjETMBIQMnBwFBAVIBCWkBxXyTq3iyknyQ/tl4eAHQAX6YJygBwQJ5+8YBW/6lAVv+pQFa/qYEOv2HAWiCggAAAgCdAAAF6AWwAB0AIQB4sh4iIxESObAeELAW0ACwAEVYsAYvG7EGHj5ZsABFWLAALxuxAA4+WbAARViwDS8bsQ0OPlmwAEVYsBUvG7EVDj5ZsgkGABESObAJL7AE0LAJELESAbAKK1gh2Bv0WbAY0LAJELAe0LAGELEgAbAKK1gh2Bv0WTAxMxE2NjMzASEBMzIWFxEjESYmJyMHESMRJyMiBgcRATMBIZ0E2eBj/lEEbv5RXuPXA3wBjqynCXsGpqySBAIkEQFg/S8Bi8DAAqX9W8PB/nkBgpeIAQ/9bQKYCoKT/nMDCwI8AAACAJ4AAAUIBDoAGwAfAHiyHCAhERI5sBwQsBTQALAARViwBS8bsQUaPlmwAEVYsAAvG7EADj5ZsABFWLALLxuxCw4+WbAARViwEy8bsRMOPlmyBwUAERI5sAcvsATQsAcQsRABsAorWCHYG/RZsBbQsAcQsBzQsAUQsR4BsAorWCHYG/RZMDEzNTY2MwEhATIWFxUjNSYmJyMHESMRJyMiBgcVATMTIZ4E0N3+ugOc/rrT0wN4AoueSgp3B0qliwIBthT5/frSwb8B6P4Yv8TPz5eFARD+JAHiCoaYzgJSAYEAAgDRAAAICAWwACQAKACSshcpKhESObAXELAo0ACwAEVYsAQvG7EEHj5ZsABFWLAjLxuxIx4+WbAARViwCy8bsQsOPlmwAEVYsBMvG7ETDj5ZsABFWLAbLxuxGw4+WbAARViwIS8bsSEOPlmyAQQLERI5sAEvsCXQsAbQsAEQsR8BsAorWCHYG/RZsBfQsBHQsAQQsScBsAorWCHYG/RZMDEBIRUzASEBMzIWFxEjESYmJyMHESMRJyMiBgcRIxE2NyERIxEzATMBIQFMA2Ew/lEEbv5RXuPXA3wCjqasCXsGpqySBHwCaf4le3sEEBEBYP0vAwwBAqX9W8PB/nkBhpWFAg/9bQKYCoKT/nMBhcJf/VoFsP1bAjwAAgCoAAAGywQ6ACEAJQCYsiUmJxESObAlELAQ0ACwAEVYsBwvG7EcGj5ZsABFWLAgLxuxIBo+WbAARViwBC8bsQQOPlmwAEVYsAwvG7EMDj5ZsABFWLAULxuxFA4+WbAARViwGi8bsRoOPlmyACAEERI5sAAvsQkBsAorWCHYG/RZsA/QsAkQsBjQsAAQsB7QsAAQsCLQsCAQsSQBsAorWCHYG/RZMDEBMhYXFSM1JiYnIwcRIxEnIwYGBxUjNTY3IREjETMRIQEhATMTIQUi09MDeAKLnkoKdwdanIIEeQJj/lp4eALy/roDnP4oFPn9+gJSv8TPz5eFARD+JAHiCgSDj9bNwF/+FAQ6/hgB6P4YAYEAAgB0/mcDzgd3ACkAMgCZsi8zNBESObAvELAk0ACwDy+wLy+wAEVYsCYvG7EmHj5ZsABFWLAILxuxCA4+WbIfJggREjmwHy+yXx8BXbIvHwFdsRwBsAorWCHYG/RZsgMcHxESObAIELEVAbAKK1gh2Bv0WbAmELEkAbAKK1gh2Bv0WbIPLwFdsC8QsDLQsDIvtg8yHzIvMgNdsiovMhESObAr0LArLzAxARQGBwQRFAQjIwYVFBYXByYmNTQ2MzMyNjU0JiMjNTMgETQmJyE1ITIEATczFQMjAzUzA7eLgAEi/unrRKFdTSxmi5CSPLDTzcKEfgF/tKb+tgE74AEB/oesa+xX62sEMW+rLE3+7bfcA304ZB1YJZtVanaiiZ6QZwEZf5QCZswB0cIM/vsBBgsAAgBe/mcDbAYuACgAMQCusi0yMxESObAtELAe0ACwGC+wLi+wAEVYsAUvG7EFGj5ZsABFWLASLxuxEg4+WbAFELEDAbAKK1gh2Bv0WbInBRgREjmwJy+0Lyc/JwJdtJ8nrycCXbJPJwFxtG8nfycCXbKPJwFxsp8nAXKxJAGwCitYIdgb9FmyDCQnERI5sBIQsR0BsAorWCHYG/RZsC4QsDHQsDEvtg8xHzEvMQNdsikuMRESObAq0LAqLzAxATQmJyE1ITIWFRQGBxYVFAYjIwYVFBYXByYmNTQ2IDY2NTQmIyM1MyABNzMVAyMDNTMC3ZyO/tgBH8jkbGXn+NMyn1tQLWmHkQEfllCxq4SBAUj+6Kxr7FfrawMdVGEBZ5yFTn8kPLyMrAR8N2QeWCeZVWp2NF0/aF1nAxTCDP76AQcLAAMAdv/sBOQFxAARABoAIwCSsgQkJRESObAEELAX0LAEELAg0ACwAEVYsA0vG7ENHj5ZsABFWLAELxuxBA4+WbITDQQREjmwEy+yXxMBXbSvE78TAl20TxNfEwJxtN8T7xMCXbKPEwFdsi8TAV20fxOPEwJxsA0QsRcBsAorWCHYG/RZsBMQsRsBsAorWCHYG/RZsAQQsSABsAorWCHYG/RZMDEBFAIEIyIkAic1NBIkMzIEEhcFITUQAiMiAhEFIRUQEjMyEhEE5Iv+/qmm/v2OAY0BAqeoAQGMA/wNA3nu0MrxA3n8h+/O0OwCicn+0KSkAS3Fo8cBM6Wi/tjDMSEBBwEq/tX+9IEX/v3+0QEqAQsAAAMAWf/sBB8ETgAPABUAHACRsgwdHhESObAMELAU0LAMELAW0ACwAEVYsAQvG7EEGj5ZsABFWLAMLxuxDA4+WbIZDAQREjmwGS+0bxl/GQJdsk8ZAXGyvxkBcbR/GY8ZAnG0nxmvGQJdtC8ZPxkCXbTvGf8ZAnGxEQGwCitYIdgb9FmwDBCxEwGwCitYIdgb9FmwBBCxFgGwCitYIdgb9FkwMRM0NjYzMgAVFRQGBiMiADUFIRYWIDYBIgYHISYmWXndjNcBDXrcjNn+9QNN/SsJxQE8wv6emscJAtULxwItnPqL/tD6GJz8iAEw+Sm35OgCr+WytOMAAQAcAAAE0AXDABAAR7INERIREjkAsABFWLAGLxuxBh4+WbAARViwEC8bsRAePlmwAEVYsA0vG7ENDj5ZsgEGDRESObAGELEIAbAKK1gh2Bv0WTAxJRc3ATY2NzMHIgcGBwEjATMCIR8fATIsiGsgATIcUC/+eHX+F4b/bW0DuY19AWwKHYz7XAWwAAABACwAAAQBBE0AEQBHsgISExESOQCwAEVYsAYvG7EGGj5ZsABFWLAQLxuxEBo+WbAARViwDi8bsQ4OPlmyAQYOERI5sAYQsQsBsAorWCHYG/RZMDEBFzcTNjYzMhcHJiMiBwEjATMBsiYpxSRrTT0iERgiUyn+zmD+hHwBD4mJAnJrYRZfDHH8jQQ6AAIAdv9yBOQGOQAVACkAV7IEKisREjmwBBCwGdAAsABFWLAPLxuxDx4+WbAARViwBy8bsQcOPlmwBNCwDxCwEtCwDxCxHAGwCitYIdgb9FmwGdCwBxCxIwGwCitYIdgb9FmwJtAwMQEUAgYHFSM1JgARNTQSNjc1MxUWABEnNAInFSM1BgIHFRQSFzUzFTYSNQTkfOWWeOf+6H7pmHjnARB6ybR4tM0Dz7V4tMkCibv+2aoOfX0UAWcBJpW8ASirDXh5GP6a/twJ7gEnGHV2Fv7e6qry/tcUdXUWASj0AAIAWf98BB8EuwATACcAWrIDKCkREjmwAxCwHdAAsABFWLADLxuxAxo+WbAARViwEC8bsRAOPlmwAxCwBtCwEBCwDdCwEBCxJQGwCitYIdgb9FmwFNCwAxCxHgGwCitYIdgb9FmwG9AwMRM0Ejc1MxUWEhUVFAIHFSM1JgI1ATY2NTU0JicVIzUGBhUVFBYXNTNZ6L53wufqv3e+6AIdjKWljHeJpqeIdwIt3QEqFnFxFv7X5Rrf/tYUc3QWASfl/kMX87QaqfYXeXkW9rEasPAWdQAAAwCq/+sGbAcyACwAPABFALCyCkZHERI5sAoQsDLQsAoQsD/QALAARViwFC8bsRQePlmwAEVYsA0vG7ENDj5ZsBQQsADQsA0QsAfQsgoNFBESObAUELEVAbAKK1gh2Bv0WbANELEcAbAKK1gh2Bv0WbIgFA0REjmwJdCwFRCwLNCwFBCwNNCwNC+wLtCwLi+xLQKwCitYIdgb9FmwLhCwMtCwMi+xOQKwCitYIdgb9FmwNBCwQNCwQC+wRdCwRS8wMQEyFhcRFAYjIiYnBgYjIiY1ETQ2MxUiBgcRFBYzMjY3ETMRFhYzMjY1ETQmIxMVIyImIyIVIzU2NjMyFhcBNjc1MxUGBgcE5bTSAdO0drQwMLR1tdPStnqRAZF7g5cBfAGXhHyPj3xwHof9Q5VcAYJqWfxw/ghEA2kBTDIFru7S/cDV7mdqamfu1wI70/Bot6D9v6K5spQB2v4mlLK7oAI9oLsBSlSdpSFodaAC/tM+R2tpM2gaAAMAjf/rBdMF7QAsAD8ASACzsgpJShESObAKELAz0LAKELBH0ACwAEVYsBQvG7EUGj5ZsABFWLANLxuxDQ4+WbAUELAA0LANELAH0LAHL7IKDRQREjmwFBCxFQGwCitYIdgb9FmwDRCxHAGwCitYIdgb9FmyIBQNERI5sCXQsBUQsCzQsBQQsDbQsDYvsC7QsC4vsS0BsAorWCHYG/RZsC4QsDTQsDQvsTsCsAorWCHYG/RZsDYQsEPQsEMvsEjQsEgvMDEBMhYXERQGIyImJwYGIyImJxE0NjMVIgYHERQWMzI2NTUzFRYWMzI2NxE0JiMTFSMiJyYmIyIVIzU0NjMyHgIBNjc1MxUUBgcEbKbAAcCna6UtLKVqpsABwKdtggGCbnWLdwKMc2uBA4Jtlh6If0dSJ5Zbg2ovXY91/jNDA2pPMARG3cX+7MbfXWFhXd3FARTG32Wpkv7qlaujjPP7iZ6ljwEdlasBalVPLCKkHGx2Ilkn/sc9R2xmNWoZAAIAqv/sBm8G8gAgACgAi7IHKSoREjmwBxCwJdAAsABFWLAALxuxAB4+WbAARViwDi8bsQ4ePlmwAEVYsBcvG7EXHj5ZsABFWLAELxuxBA4+WbAARViwCi8bsQoOPlmyBwAEERI5sRMBsAorWCHYG/RZsBzQsBcQsCfQsCcvsCjQsCgvsSIEsAorWCHYG/RZsCgQsCXQsCUvMDEBEQYGIyImJwYGIyImJxEzERYWMzI2NxEzERYWMzI2NxElNSEXIRUjNQZvAdS6c7MuMLR2tNEDfAGReoOXAX8Bk4B+lQH8IgLzAv60bwWw++rK5GhqamjfxwQe++mXr7KVBBb76pWysZYEFvBSUnFxAAACAJ3/6wXjBbAAIQApAIuyByorERI5sAcQsCbQALAARViwAC8bsQAaPlmwAEVYsA4vG7EOGj5ZsABFWLAYLxuxGBo+WbAARViwBC8bsQQOPlmwAEVYsAovG7EKDj5ZsgcYBBESObEUAbAKK1gh2Bv0WbAd0LAYELAn0LAnL7Ai0LAiL7EjBLAKK1gh2Bv0WbAiELAl0LAm0DAxAREGBiMiJicGBiMiJicRMxEWFxYzMjY1ETMRFBYzMjY3EQE3IRchFSM1BeMCxKlooistpGqkwQJ3AUxAY3WLeIZyb4YC/F0CAvMD/rNwBDr9PbnTXWBgXdC7AsT9QphRQ6OMArv9RY2inYoCwwElUVGDgwABAIL+kwSsBcUAGQBWsgEaGxESOQCwAEVYsAovG7EKHj5ZsABFWLAALxuxABY+WbAARViwAi8bsQIOPlmyDgIKERI5sAoQsREBsAorWCHYG/RZsAIQsRgBsAorWCHYG/RZMDEBIxEmABE1NBI2MzIEFyMmJiMiAhUVFBIzMwLwe+P+8Ir+oekBEAh8DMO2wO3lwUz+kwFaEgFyASKbvwEwqPzgscL+yfyd+/7CAAABAG/+kgPTBE4AGQBWsgEaGxESOQCwAEVYsAovG7EKGj5ZsABFWLAALxuxABY+WbAARViwAi8bsQIOPlmyDgIKERI5sAoQsREBsAorWCHYG/RZsAIQsRkDsAorWCHYG/RZMDEBIxEmAjU1NDY2MzIWFSM0JiMiBhUVFBYXMwKHd77jc9OIsuRzooGcurOaU/6SAVwRASfpI5v4idmqfKHxziHC8gQAAQCIAAAEeQU+ABMAEwCwDi+wAEVYsAQvG7EEDj5ZMDEBBQclAyMTJTcFEyU3BRMzAwUHJQJBASE2/t26h+H+3zUBJdz+3jcBI8uE8QElOv7gAbCsX6r+sQGOq16rAYqrYKsBaP5aq16qAAH8owTA/w8F9gAHABIAsAAvsQMGsAorWCHYG/RZMDEBFSM1ITUzFf0TcAH+bgU7e8psuwAB/H8FF/9WBhUAEQAtALAML7AF0LAFL7AH0LAHL7EAArAKK1gh2Bv0WbAMELENArAKK1gh2Bv0WTAxATIWFRUjNCMiDgIjNTM2Njf+aWqDXJUnUIp/Zipq9EkGFXZsHKQhVSdVA5gGAAH9dAUu/jwGYQAFAAwAsAEvsAXQsAUvMDEBNTMVFwf9dIo+OQXchYx5LgAAAf2nBS7+bwZhAAUADACwAy+wANCwAC8wMQEnNyczFf3gOT4BiwUuLnmMhQAI+iD+xAG7Ba8ADAAaACcANQBCAE8AXABqAH8AsEUvsFMvsGAvsDgvsABFWLACLxuxAh4+WbEJBLAKK1gh2Bv0WbBFELAP0LBFELFMBLAKK1gh2Bv0WbAX0LBTELAe0LBTELFZBLAKK1gh2Bv0WbAl0LBgELAr0LBgELFnBLAKK1gh2Bv0WbAy0LA4ELE/BLAKK1gh2Bv0WTAxATQ2MhYVIzQmIyIGFQE0NjMyFhUjNCYjIgYVEzQ2MzIWFSM0JiIGFQE0NjMyFhUjNCYjIgYVATQ2MhYVIzQmIyIGFQE0NjIWFSM0JiMiBhUBNDYzMhYVIzQmIgYVEzQ2MzIWFSM0JiMiBhX9DXO+dHAzMC4zAd50XV91cTUuLDNIdV1fdHA1XDP+y3RdX3RwNS4tM/1Pc750cDMwLjP9TXS+dHAzMC4z/t51XV90cDVcMzV1XV91cTUuLTME81RoaFQuNzUw/utUaGdVMTQ1MP4JVWdoVDE0Ny79+VRoaFQxNDcu/uRUaGhULjc3LgUaVGhoVC43NTD+CVVnaFQxNDcu/flVZ2dVMTQ1MAAACPoo/mMBZwXGAAQACQAOABMAGAAdACIAJwAlALAEL7AdL7AjL7AhL7AWL7ASL7ALL7AARViwBy8bsQcePlkwMQUXAyMTAycTMwMBNwUVJQUHJTUFATclFwUBBwUnJQMnAzcTARcTBwP+Kwt6YEY6DHpgRgIdDQFN/qb7dQ3+swFaA5wCAUBE/tv88wL+wEUBJisRlEHGA2ARlELEPA7+rQFhBKIOAVL+oP4RDHxiRzsMfGJHAa4QmUTI/I4RmUXIAuQCAUZF/tX84wL+u0cBKwD//wC8/sMFZAcVACYA3AAAACcAoQEzAUMBBwAQBFX/0wATALAARViwAC8bsQAePlmwDdwwMQD//wCk/sMETwW/ACYA8AAAACcAoQCR/+0BBwAQA0D/0wATALAARViwCC8bsQgaPlmwDdwwMQAAAv/jAAAD4QZjABMAHACAsgodHhESObAKELAW0ACwAEVYsA4vG7EOHj5ZsABFWLASLxuxEh4+WbAARViwCi8bsQoOPlmwEhCxAAGwCitYIdgb9FmyAg4KERI5sAIvsAAQsAzQsA3QsBIQsBHQsBEvsAIQsRQBsAorWCHYG/RZsAoQsRUBsAorWCHYG/RZMDEBIREhMhYWFRQGIyERIzUzNTMVIQERITI2NTQmJwJl/rsBN3i0Xti1/lTFxXgBRf67ATWCko57BUr9eVifaaPABUpms7P8rf4Ih3VwiQMAAgC0AAAEjwWwAA4AGwBPsgQcHRESObAEELAX0ACwAEVYsAMvG7EDHj5ZsABFWLABLxuxAQ4+WbIWAwEREjmwFi+xAAGwCitYIdgb9FmwAxCxFAGwCitYIdgb9FkwMQERIxEhMgQVFAcXBycGIyU2NTQmJyERITI3JzcBMHwB8OMBCIR/S4twoAEYV7us/oQBdHRPd0wCUf2vBbDoy9Fwj0ScNMRVkZezAv1yI4dEAAACAJv+YAQCBE4AEwAlAHCyFyYnERI5sBcQsBDQALAARViwEC8bsRAaPlmwAEVYsA0vG7ENGj5ZsABFWLAKLxuxChA+WbAARViwBy8bsQcOPlmyCRAHERI5sg4QBxESObAQELEXAbAKK1gh2Bv0WbAHELEeAbAKK1gh2Bv0WTAxARAHFwcnBiMiJxEjETMXNjMyEhEnNCYjIgYHERYWMzI3JzcXNjUEAn5uTWxddt52d28Gdd7C3XiqmG6eKiugbWBHbk5nUgIS/vOWh0OFPpz92AXama3+2v77BM/wamX9+V1iMohDgHfSAAABALEAAAQhBxIACQAzsgMKCxESOQCwAEVYsAYvG7EGHj5ZsABFWLAELxuxBA4+WbAGELECAbAKK1gh2Bv0WTAxASMVIREjESERMwQhAv0NewL4eAVJAvq5BbABYgAAAQCeAAADPQWTAAcALACwAEVYsAQvG7EEGj5ZsABFWLACLxuxAg4+WbAEELEAAbAKK1gh2Bv0WTAxASERIxEhETMDPf3ZeAIneAPT/C0EOgFZAAEAuf7kBEkFsAAWAF6yCxcYERI5ALAKL7AARViwFS8bsRUePlmwAEVYsBMvG7ETDj5ZsBUQsQABsAorWCHYG/RZsgMVExESObADL7AKELELAbAKK1gh2Bv0WbADELERAbAKK1gh2Bv0WTAxASERMyAAERQGBiMnMjY1NCYjIxEjESEEJ/0NzgEcAStvzowBnrTu4M97A24FR/30/tb+75v5iGLwyuPu/S8FsAABAJ7+9AOqBDoAFgBesgsXGBESOQCwCi+wAEVYsBUvG7EVGj5ZsABFWLATLxuxEw4+WbAVELEAAbAKK1gh2Bv0WbIDFRMREjmwAy+wChCxCwGwCitYIdgb9FmwAxCxEQGwCitYIdgb9FkwMQEhETMyBBUUBgYHJzY2NzYmIyMRIxEhAzr93In7ARBkqGsgipIDAtPAi3gCnAPT/p7z2WbCdhNcH62Jqbn9+QQ6AP//ABf+nQchBbAAJgDaAAAABwJRBhsAAP//ABj+nQYbBDoAJgDuAAAABwJRBRUAAP//AL3+iwULBbAAJgIsAAAABwJRBAX/7v//AKP+nQQ0BDoAJgDxAAAABwJRAy4AAAABALMAAATUBbAAFABuALAARViwAC8bsQAePlmwAEVYsAwvG7EMHj5ZsABFWLACLxuxAg4+WbAARViwCi8bsQoOPlmyDwoMERI5sA8vsl8PAV2yLw8BXbRPD18PAnGxCAGwCitYIdgb9FmyAQgPERI5sAXQsA8QsBLQMDEJAiMBIxEjESMRIxEzETMRMxEzAQSX/k8B7pz+SVxmkHx8kGZhAX0FsP1A/RACsP7jAR39UAWw/WoBGv7mApYAAAEAogAABD8EOgAUAHwAsABFWLANLxuxDRo+WbAARViwFC8bsRQaPlmwAEVYsAovG7EKDj5ZsABFWLADLxuxAw4+WbIOCg0REjmwDi+0bw5/DgJdtH8Ojw4CcbJPDgFxtC8OPw4CXbKfDgFysQkBsAorWCHYG/RZsgEJDhESObAF0LAOELAS0DAxCQIjASMVIzUjESMRMxEzNTMVMwEEDf6mAYye/rNLZoh5eYhmTAEhBDr99v3QAfDu7v4QBDr+IPHxAeAAAAEAUQAABnAFsAAOAHQAsABFWLAGLxuxBh4+WbAARViwCi8bsQoePlmwAEVYsAIvG7ECDj5ZsABFWLANLxuxDQ4+WbIIBgIREjmwCC+yXwgBXbIvCAFdtE8IXwgCcbEBAbAKK1gh2Bv0WbAGELEEAbAKK1gh2Bv0WbIMAQgREjkwMQEjESMRITUhETMBMwEBIwN8yHv+GAJjwgIzm/2qAoKZAqv9VQVKZv1kApz9NP0cAAABADMAAAU1BDoADgCCALAARViwBi8bsQYaPlmwAEVYsAovG7EKGj5ZsABFWLACLxuxAg4+WbAARViwDS8bsQ0OPlmyCQoCERI5sAkvtG8JfwkCXbR/CY8JAnGyTwkBcbQvCT8JAl2ynwkBcrEAAbAKK1gh2Bv0WbAGELEEAbAKK1gh2Bv0WbIMAAkREjkwMQEjESMRITUhETMBMwEBIwLip3j+cAIIpQGMmP5DAe6eAfD+EAPTZ/4gAeD99P3SAP//ALj+nQVaBbAAJgAsAAAABwJRBFQAAP//AKT+nQRGBDoAJgD0AAAABwJRA0AAAAABALUAAAe/BbAADQBhALAARViwAi8bsQIePlmwAEVYsAwvG7EMHj5ZsABFWLAGLxuxBg4+WbAARViwCi8bsQoOPlmyAQIGERI5fLABLxiwAhCxBAGwCitYIdgb9FmwARCxCAGwCitYIdgb9FkwMQEhESEVIREjESERIxEzATEDQANO/S17/MB8fAMiAo5m+rYCuv1GBbAAAAEAngAABYIEOgANAH4AsABFWLACLxuxAho+WbAARViwDC8bsQwaPlmwAEVYsAYvG7EGDj5ZsABFWLAKLxuxCg4+WbIBDAYREjmwAS+0bwF/AQJdtH8BjwECcbJPAQFxtC8BPwECXbKfAQFysAIQsQQBsAorWCHYG/RZsAEQsQgBsAorWCHYG/RZMDEBIREhFSERIxEhESMRMwEWAkcCJf5TeP25eHgCVQHlZ/wtAfD+EAQ6AAEAsf7sB8oFsAAYAGuyEhkaERI5ALAIL7AARViwFy8bsRcePlmwAEVYsBEvG7ERDj5ZsABFWLAVLxuxFQ4+WbIBFxEREjmwAS+wCBCxCQGwCitYIdgb9FmwARCxDwGwCitYIdgb9FmwFxCxEwGwCitYIdgb9FkwMQEzIAARFAYGIycyNjU0JiMjESMRIREjESEE36QBHAErb86MAZ607uCle/zIewQuA0P+1v7vm/mIYvDK4+79JwVH+rkFsAABAJ7+9AaIBDoAGABrshIZGhESOQCwCC+wAEVYsBcvG7EXGj5ZsABFWLARLxuxEQ4+WbAARViwFS8bsRUOPlmyARcRERI5sAEvsAgQsQkBsAorWCHYG/RZsAEQsQ8BsAorWCHYG/RZsBcQsRMBsAorWCHYG/RZMDEBMyAEFRQGBgcnNjY1NiYjIxEjESERIxEhA9aeAQABFGKmbiCLkwLZwqF4/bh4AzgCcfXXZ793FFwgsIWquP35A9P8LQQ6AAACAHv/5wWZBcUAKQA3AJmyKjg5ERI5sCoQsBnQALAARViwDS8bsQ0ePlmwAEVYsCAvG7EgHj5ZsABFWLAALxuxAA4+WbAARViwBC8bsQQOPlmyAgQgERI5sAIvsA0QsQ4BsAorWCHYG/RZsAQQsRYBsAorWCHYG/RZsAAQsSkBsAorWCHYG/RZsAIQsS0BsAorWCHYG/RZsCAQsTQBsAorWCHYG/RZMDEFIicGIyIkAic1NBI2MxciAhUVFBIWMzI3JgI1NTQ2NjMyEhURFAIHFjMBFBIXNhI1ETQmIyIGFQWZ0amOrbT+6pwDddGCA5O8fOCRZFeUm2S1c7Dgg3d5jv1TnI14hJZ/epYZRkKsATrE3qcBE5hs/u/dx6j+75UaYQEmsP2a94f+1ff/ALH+5VsjAlOr/vdJSQEHpgEJwOvrxQACAHb/6wSABE4AJgAzAJCyBDQ1ERI5sAQQsCfQALAARViwDC8bsQwaPlmwAEVYsB0vG7EdGj5ZsABFWLAALxuxAA4+WbAARViwBC8bsQQOPlmyAgQdERI5sAIvsAwQsQ0BsAorWCHYG/RZsAQQsRQBsAorWCHYG/RZsAAQsSYBsAorWCHYG/RZsAIQsSoBsAorWCHYG/RZsA0QsDDQMDEFIicGIyImAic1NBIzFSIGFRUUEjMyNyYmNTU0NjMyEhUVFAYHFjMBFBYXNhE1NCYjIgYVBICgjG+Nit55Ab+XXYHHo0k/bXimiIWrVU1ab/3ycGeYZ1FVYgw3QJQBA59SzwEMadGlSc/+/BdN6JBqwvP/ANJggNhMHAHRg8c8gQEBXpbItZoA//8AN/6dBMYFsAAmADwAAAAHAlEDwAAA//8AMP6dA9sEOgAmAFwAAAAHAlEC1QAAAAEAI/6hBm8FsAATAFoAsBEvsABFWLACLxuxAh4+WbAARViwDC8bsQwePlmwAEVYsBMvG7ETDj5ZsAIQsQEBsAorWCHYG/RZsAIQsAfQsAEQsAnQsBMQsQoBsAorWCHYG/RZsA7QMDEBITUhNTMVIRUhESERMxEzAyMRIQGx/nIBjnwBqv5WAzh7jwlx+7wFSWYBAWb7HwVI+rr+NwFfAAABABz+vwTuBDoADwBNALANL7AARViwAy8bsQMaPlmwAEVYsA8vG7EPDj5ZsAMQsQQBsAorWCHYG/RZsADQsA8QsQYBsAorWCHYG/RZsAMQsAjQsAYQsArQMDEBITUhFSERIREzETMDIxEhAUn+0wLE/uACSHhuCW780gPUZmb8kQPV/Cv+WgFBAP//AKz+nQUCBbAAJgDhAAAABwJRA/wAAP//AG7+nQQJBDoAJgD5AAAABwJRAwMAAAABAKwAAASZBbAAFwBSsgQYGRESOQCwAEVYsAAvG7EAHj5ZsABFWLAKLxuxCh4+WbAARViwDC8bsQwOPlmyBAAMERI5fLAELxiwB9CwBBCxEwGwCitYIdgb9FmwENAwMQERFhYXETMRNjcRMxEjEQYHFSM1JiYnEQEoA6m0Zo+gfHylimbw6QMFsP5gqp4CAVX+rgktArH6UAKWLgj49QLX2wGfAAEAlwAAA8cEOgAXAFKyBhgZERI5ALAARViwCy8bsQsaPlmwAEVYsBYvG7EWGj5ZsABFWLAALxuxAA4+WbIQFgAREjl8sBAvGLEHAbAKK1gh2Bv0WbAE0LAQELAT0DAxISMRBgcVIzUmJjURMxEWFhcRMxE2NxEzA8d4ZmZnzLl4AXuRZ29deAHHJQ2ppQbCzQEU/ueYjQQBJf7gDiECDgABAKYAAASSBbAAEQBHsgUSExESOQCwAEVYsAEvG7EBHj5ZsABFWLAALxuxAA4+WbAARViwCS8bsQkOPlmyBQEAERI5sAUvsQ4BsAorWCHYG/RZMDEzETMRNjMyFhcRIxEmJiMiBxGme82+9+wDewGrv8DLBbD9aTnW3v5iAZeupDn9UAACACT/6wWQBcMAHQAmAG6yDycoERI5sA8QsCTQALAARViwEC8bsRAePlmwAEVYsAAvG7EADj5Zsh8QABESObAfL7EUAbAKK1gh2Bv0WbAE0LAfELAL0LAAELEZAbAKK1gh2Bv0WbIbEAAREjmwEBCxIwGwCitYIdgb9FkwMQUgABE1JiY1MxQWFzU0EjYzMgARFSEVFBIzMjcXBgEhNTQCIyICFQOv/uz+vpeeaGRpjfmV/gEe/EX44uOkJpv9FANA4MG65RUBQwEekRCylmeBDyGsARud/qr+0mWW6f74d1yDA08r6AEL/uToAAL/9v/sBFMETgAcACQAbrIBJSYREjmwARCwHtAAsABFWLAOLxuxDho+WbAARViwAC8bsQAOPlmyIQ4AERI5sCEvsRIBsAorWCHYG/RZsAXQsCEQsAvQsAAQsRcBsAorWCHYG/RZshoOABESObAOELEdAbAKK1gh2Bv0WTAxBSImJjU1JiY1MxQXNiQzMhIVFSEVFBYzMjY3FwYBIgYHITUmJgK9it98b3NlgxsBAK7F5/z806BgkzxLhP7vh7kUAokFqBSI85crF5p8pyfL+/7z6UMXuPVGTTm/A/zGpw2cxAABALP+xwSrBbAAFwBksggYGRESOQCwDy+wAEVYsAIvG7ECHj5ZsABFWLAGLxuxBh4+WbAARViwAC8bsQAOPlmyBAACERI5sAQvsi8EAV2wCNCwDxCxEAGwCitYIdgb9FmwBBCxFwGwCitYIdgb9FkwMSEjETMRMwEzAQQAERQGBiMnMjY1NCYjIQEvfHyvAiKU/d0BEAEqcc6NAZq36uD+ygWw/XECj/1wAv7X/vCc+ohl683g7wAAAQCi/vMD5gQ6ABcAerIAGBkREjkAsAcvsABFWLASLxuxEho+WbAARViwFi8bsRYaPlmwAEVYsBAvG7EQDj5ZshQWEBESObAUL7RvFH8UAl2yTxQBcbQvFD8UAl20fxSPFAJxsQ4BsAorWCHYG/RZsgAUDhESObAHELEIAbAKK1gh2Bv0WTAxARYWFRQGBgcnNjY3NiYjIxEjETMRMwEzAjDT42OlbiGHlgMC0sq6eXmGAauXAlYU5cJkvHQUXR2rg6Sx/hAEOv4gAeD//wAo/sMFVwWwACYA3QAAAAcAEARI/9P//wAs/sMEUAQ6ACYA8gAAAAcAEANB/9MAAQC6/ksE5wWwABUAg7IKFhcREjkAsABFWLAALxuxAB4+WbAARViwAy8bsQMePlmwAEVYsBMvG7ETDj5ZsABFWLAILxuxCBA+WbIBEwAREjmwAS+yXwEBXbSvAb8BAl2yjwEBXbIvAQFdtE8BXwECcbAIELENAbAKK1gh2Bv0WbABELESAbAKK1gh2Bv0WTAxAREhETMRFAYjIic3FjMyNjURIREjEQE1Azd7oZA5OQ4rOFhf/Ml7BbD9VQKr+fqrtBNmEIB2AvL9ZAWwAAABAJ7+SwPVBDoAFQCFsgoWFxESOQCwAEVYsAAvG7EAGj5ZsABFWLADLxuxAxo+WbAARViwEy8bsRMOPlmwAEVYsAgvG7EIED5ZsgIDExESObACL7RvAn8CAl20fwKPAgJxsk8CAXG0LwI/AgJdsr8CAXGwCBCxDQGwCitYIdgb9FmwAhCxEQGwCitYIdgb9FkwMQERIREzERQGIyInNxYzMjY1ESERIxEBFgJHeKGPOTcOJT1YYP25eAQ6/hsB5fttqrITYxCAdgJJ/hAEOgD//wC4/sMFYwWwACYALAAAAAcAEARU/9P//wCk/sMETgQ6ACYA9AAAAAcAEAM//9P//wC4/sMGoAWwACYAMQAAAAcAEAWR/9P//wCp/sMFqgQ6ACYA8wAAAAcAEASb/9MAAgB8/+wFIAXEABUAHQBosggeHxESObAIELAW0ACwAEVYsAAvG7EAHj5ZsABFWLAILxuxCA4+WbINAAgREjmwDS+wABCxEQGwCitYIdgb9FmyEwAIERI5sAgQsRYBsAorWCHYG/RZsA0QsRkBsAorWCHYG/RZMDEBIAARFRQCBCMgABE1ITUQACMiByc2ATISNyEVFBICrAEkAVCZ/vGj/un+vgQp/vfw668nrAE+xv4L/FT8BcT+lv7BfMX+wrABUgEtd0MBCgEreFyG+pEBL/k16P71AAEAcf/rBA0FsAAbAHCyBRwdERI5ALAARViwAi8bsQIePlmwAEVYsAsvG7ELDj5ZsAIQsQABsAorWCHYG/RZsgQAAhESObIFAgsREjmwBS+yEAsCERI5sAsQsRMBsAorWCHYG/RZsAUQsRkBsAorWCHYG/RZshsFGRESOTAxASE1IRcBFhYVFAQjIiYmNTMUFjMyNjU0JicjNQNr/SYDaAL+RePq/wDPgtR3fL6Tnrassn0FR2lg/fcD5dTA4Gi/go20p42xrAFlAAABAHH+dQQLBDoAGwBjsgUcHRESOQCwDC+wAEVYsAIvG7ECGj5ZsQABsAorWCHYG/RZsgQAAhESObIFAgwREjmwBS+yEQwCERI5sAwQsRQBsAorWCHYG/RZsAUQsRkBsAorWCHYG/RZshsFGRESOTAxASE1IRcBFhYVFAYGIyImJjUzFBYzMjY1ECUjNQNj/S4DZQL+Sdzuc9SHgNR4eb2WoLf+nnwD02dd/e8I5Mx9vWVnwIGLt6eOAVQJZwD//wAZ/ksESQWwACYAsSIAACYCJpxEAAcCVACQAAD//wAR/ksDZgQ6ACYA7CgAACYCJqGFAAcCVACEAAD//wA3/ksE0QWwACYAPAAAAAcCVAOmAAD//wAw/ksD5gQ6ACYAXAAAAAcCVAK7AAAAAgBLAAAEEQWwAAoAEgBSsgQTFBESObAEELAN0ACwAEVYsAEvG7EBHj5ZsABFWLADLxuxAw4+WbIAAQMREjmwAC+wAxCxCwGwCitYIdgb9FmwABCxDAGwCitYIdgb9FkwMQERMxEhIiQ1NCQ3AREhIgYQFhcDlXz+HN7+/AEA3wFr/pimwbukA0wCZPpQ5cPB4gH9HAJ8qf7erwIAAgBMAAAGDAWwABcAIABcsgchIhESObAHELAY0ACwAEVYsAgvG7EIHj5ZsABFWLAALxuxAA4+WbIHCAAREjmwBy+wABCxGAGwCitYIdgb9FmwCtCyEAAIERI5sAcQsRkBsAorWCHYG/RZMDEhIiQ1NCQ3IREzETc2Njc2JzMWFgcGBiMnESEiBhUUFhcCLt7+/AEC3QFsfHh5hwQEQHYaKQIEz7Lu/pelwbmh5cPC4QECZPq2AQGckKmxU7BXudtoAnypkZCvAwACAG//5wZOBhgAHgAqAIayGSssERI5sBkQsCnQALAARViwBi8bsQYgPlmwAEVYsAMvG7EDGj5ZsABFWLAXLxuxFw4+WbAARViwGy8bsRsOPlmyBQMXERI5sBcQsQsBsAorWCHYG/RZshEDFxESObIZAxcREjmwAxCxIQGwCitYIdgb9FmwGxCxJwGwCitYIdgb9FkwMRMQEjMyFxEzERQWMzY2NzYnNxcWBwICIwYnBiMiAicBJiMiBhUUFjMyNydv4L/VcXhpXpOpBANDdRcvAwTtx+RCb/K13QoC5FrWlaikl9tcBQIUAQkBMawCdvtBgIkC59iq6AFZt4P+//7bBM7KAQXlAU3E9/DM4MJEAAEAM//nBcgFsAApAGayBCorERI5ALAARViwCS8bsQkePlmwAEVYsCIvG7EiDj5ZsgEqCRESObABL7EAAbAKK1gh2Bv0WbAJELEHAbAKK1gh2Bv0WbIQAAEREjmwIhCxFgGwCitYIdgb9FmyGyIJERI5MDETNTM2NjUQISE1IRYWFRQGBxYRFRYWMzY2NzYnMxcWBwYCIwYmJzU0JiP+sLOr/oj+nwFx6vqJg9kBZlWJqwQDRXoXMAME876VmwaVhgKiagGUlAESaQLCuX+4KkP+8VJjeAL0yKznWLuA+P7SBKWkS46ZAAABAC7/5QTcBDoAKABjsicpKhESOQCwAEVYsCAvG7EgGj5ZsABFWLAPLxuxDw4+WbEDAbAKK1gh2Bv0WbIIDyAREjmyGCkgERI5sBgvsRUBsAorWCHYG/RZsCAQsR4DsAorWCHYG/RZsiYVGBESOTAxJRQWMzY2NzYnMxYWBwYGIwYmJzU0IyMnMzY2NTQmJyEnIRYWFRQHFhcCyENJgokDBEp7GyoCBNSugnwG/s0C23aGlYP+8gYBE77UvrEC1Uo+ArWfn6BRn0/L7wRyf026ZANlWF52AmMCpJCoSDG2AAEAYv7NA9kFrwAkAGKyAyUmERI5ALAaL7AARViwCS8bsQkePlmwAEVYsB0vG7EdDj5ZsgElCRESObABL7EAAbAKK1gh2Bv0WbAJELEHAbAKK1gh2Bv0WbIQAAEREjmwHRCxFQWwCitYIdgb9FkwMRM1MzY2ECYjITUhFhYVFAYHFhYQFhczFRQGByc2NyMmNTU0JiPJtLG6sbv+5gEf5viGeX9/AwR0SERIWgQ5RK6bApJmA5YBGp5mAcvGdbUrIKf+1ioUjFepQDR4h0SxeYmbAAEAcP7UA58EOgAfAGKyHyAhERI5ALAWL7AARViwCC8bsQgaPlmwAEVYsBkvG7EZDj5ZsgEIGRESObABL7EAAbAKK1gh2Bv0WbAIELEGAbAKK1gh2Bv0WbIOAAEREjmwGRCxEQWwCitYIdgb9FkwMRMnMyQ1NCUhNyEyFhUUBxYVFTMVFAYHJzY3IyYnNTQhxwL0AQn+9v64AgEzxNHBv2dKQkdZBUchAf79AdNmBsPMBmaflrhCMctujFypPDR6fiN+ZM4AAAEAQv/rB08FsAAiAGWyACMkERI5ALAARViwDi8bsQ4ePlmwAEVYsAYvG7EGDj5ZsABFWLAfLxuxHw4+WbAOELEAAbAKK1gh2Bv0WbAGELEJAbAKK1gh2Bv0WbAfELETAbAKK1gh2Bv0WbIZDgYREjkwMQEhAwICBgcjNTc2NhITEyERFBY3MjY3Nic3FhYHAgIjIiYnBFT9xiEUUZaCOidlaDoQJgMqaVySpwQCQ3kaKwIE78WdogIFR/2l/sH+3ocEaAEFcgELAQ8CtvupgYYB6dWs5gFiymf+/f7dtbAAAQAz/+sGEQQ6ACAAZbIAISIREjkAsABFWLAMLxuxDBo+WbAARViwBS8bsQUOPlmwAEVYsB0vG7EdDj5ZsAwQsQABsAorWCHYG/RZsAUQsQgBsAorWCHYG/RZsB0QsREBsAorWCHYG/RZshcMBRESOTAxASEDAgYHIzU3NjY3EyERFBY3NjY3Nic3FxYHBgIjIiY1A0n+ZxURipc2JWVbDhcCg2VXgZUEBEV1FzADBNe3l5wD0/5B/t7vA2oCArr0Ah79H4OHAQLEuabXAVSyeOL+/rm0AAEAvf/jByYFsAAbAJKyEhwdERI5ALAARViwAC8bsQAePlmwAEVYsBcvG7EXHj5ZsABFWLAVLxuxFQ4+WbAARViwEC8bsRAOPlmxBAGwCitYIdgb9FmyCgAVERI5shkVFxESObAZL7TfGe8ZAl2yXxkBXbSvGb8ZAl2yjxkBXbIvGQFdtE8ZXxkCcbR/GY8ZAnGxFAGwCitYIdgb9FkwMQERFBYzNjY3Nic3FhYHAgIjBAMRIREjETMRIREEpmtak6YEA0R5GysCBO/G/s4P/Q98fALxBbD7o32DAujUpuwBYspn/v3+3QgBdgFC/WUFsP1UAqwAAAEAlv/nBhoEOgAcAJeyAB0eERI5ALAARViwBC8bsQQaPlmwAEVYsAgvG7EIGj5ZsABFWLACLxuxAg4+WbAARViwGS8bsRkOPlmyBwgCERI5sAcvtG8HfwcCXbJPBwFxsr8HAXG0fwePBwJxtJ8HrwcCXbQvBz8HAl207wf/BwJxsQABsAorWCHYG/RZsBkQsQ0BsAorWCHYG/RZshMIAhESOTAxASERIxEzESERMxEWFjM2Njc2JzcXFgcGAiMGJicDUv28eHgCRHcBZ1SBlQQDRHUXMAME17eSmwYB6/4VBDr+FQHr/RV9ggLEuZ/eAVSyeOL+/gS4ugABAIj/6wSSBcUAIABJsgAhIhESOQCwAEVYsAkvG7EJHj5ZsABFWLAALxuxAA4+WbAJELEOAbAKK1gh2Bv0WbAAELEVAbAKK1gh2Bv0WbIaAAkREjkwMQUiJAI1ETQSJDMyFwcmIyICFRUUEjM2Njc2JzMWFgcGBAK2of8AjY0BAKHPgSiGosHy8sGkuAQDNXogFAEE/vkVoAEbrwEGrwEboExhRP7h6v7j/uECsqKaz5WPRc/vAAEAdf/rA8QETgAfAEayEiAhERI5ALAARViwEi8bsRIaPlmwAEVYsAovG7EKDj5ZsQABsAorWCHYG/RZsgQKEhESObASELEXAbAKK1gh2Bv0WTAxJTY3NCczFgcGBiMiADU1NDY2MzIXByYjIgYVFRQWFxYCTvkFGHQcAQTErdL++XHOhblWIl+OmLQxMWFQA9p6cpZWmakBMPkel/qLP18498seV6c9fQAAAQAh/+cFHgWwABgAT7IWGRoREjkAsABFWLACLxuxAh4+WbAARViwFS8bsRUOPlmwAhCxAAGwCitYIdgb9FmwBNCwBdCwFRCxCQGwCitYIdgb9FmyDwIVERI5MDEBITUhFSERBhYzNjY3Nic3FxYHAgIjBiYnAiL9/wSA/f0Ba1yUpQQCRHkbKwME7caXowgFR2lp/BKBhQLs0LDiAWiqgf7//tsEtb0AAQBD/+cEmQQ6ABgAT7IWGRoREjkAsABFWLACLxuxAho+WbAARViwFS8bsRUOPlmwAhCxAAGwCitYIdgb9FmwBNCwBdCwFRCxCQGwCitYIdgb9FmyDwIVERI5MDEBITUhFSERBhYzNjY3Nic3FhYHBgYjBiYnAcb+fQOL/nEBbFyAlgQCQ3UuFwEE2bWVowgD1WVl/YSChwK2rZjKAZqMPdb0BLW9AAEAkP/sBOQFxQAqAHuyJSssERI5ALAARViwFy8bsRcePlmwAEVYsAsvG7ELDj5ZsQMBsAorWCHYG/RZsgYLFxESObImFwsREjmwJi+yLyYBXbJfJgFdtE8mXyYCcbEnAbAKK1gh2Bv0WbIRJyYREjmyHBcLERI5sBcQsR8BsAorWCHYG/RZMDEBFBYzMjY1MxQGBiMgJDU0NjcmJjU0JCEyFhYVIzQmIyIGFRQWFzMVIwYGAQzrz7fse4P/nP78/s6ZmIKZAR8BAZDyiHvlqsXf0MjAvtTcAYeOprSNfr1t4r2HsiYqr26/1Wa4dYOnm42JjwFqAY3//wAo/ksFWQWwACYA3QAAAAcCVAQuAAD//wAs/ksEUwQ6ACYA8gAAAAcCVAMoAAAAAgBfBHkCYwXQAAUADgAuALALL7AH0LAHL7AB0LABL7ALELAE0LAEL7AF0BmwBS8YsAsQsArQGbAKLxgwMQETMxUDIwMzFRYXByYmNQFdhoC/R/5xAlwxS1MEkgE+Ff7LAUphfEgyJIRQ//8AMQJQAhACtQAGABEAAP//ADECUAIQArUABgARAAD//wCfAq4EiQMUAEYBr9kATM1AAP//AH4CrgW2AxQARwGv/3YAAGZmQAAAAgAt/qcDngAAAAMABwA9ALAARViwBi8bsQYOPlmwAtCwAi9ACQACEAIgAjACBF2xAQGwCitYIdgb9FmwBhCxBQGwCitYIdgb9FkwMQEhNSE1ITUhA578jwNx/I8Dcf6nZo5lAAEAYgRhATYGEgAIABOyCAkKERI5ALAAL7AE0LAELzAxExcGBxUjNTQ27khaA3dLBhIzdoiAcFyqAAABAD4ESwERBgAABwATsgMICRESOQCwBC+wANCwAC8wMRMnNjc1MxUUhUdaA3YESzR5hYNl0QABACn/GQD8AM0ABwAZsgQICRESOQCwCC+wBNCwBC+wANCwAC8wMRcnNjc3MxUUcEdTCAF35zRvd5pl0AABAFkESwEtBgAABwATsgAICRESOQCwAC+wBNCwBC8wMRMVFhcHJjU10ANaSIwGAIOFeTSBz2UA//8AYwRhAjIGEgAmAYQBAAAHAYQA/AAA//8ARARLAgsGAAAmAYUGAAAHAYUA+gAAAAIAKf8QAeYA7AAHAA8AK7IJEBEREjmwCRCwBdAAsBAvsATQsAQvsAzQsAwvsAjQsAgvsADQsAAvMDEXJzY3NTMVFBcnNjc1MxUUcEdZA3deR1gDePA0e4qjgtmBNHqLo4LZAAABAEMAAAQhBbAACwBMALAARViwCC8bsQgePlmwAEVYsAYvG7EGGj5ZsABFWLAKLxuxCho+WbAARViwAi8bsQIOPlmwChCxAAGwCitYIdgb9FmwBNCwBdAwMQEhESMRITUhETMRIQQh/lB4/koBtngBsAPR/C8D0WkBdv6KAAABAFT+YAQxBbAAEwB+ALAARViwDC8bsQwePlmwAEVYsAovG7EKGj5ZsABFWLAOLxuxDho+WbAARViwAi8bsQIQPlmwAEVYsAAvG7EADj5ZsABFWLAELxuxBA4+WbEGAbAKK1gh2Bv0WbAOELEIAbAKK1gh2Bv0WbAJ0LAQ0LAR0LAGELAS0LAT0DAxISERIxEhNSERITUhETMRIRUhESEEMf5Fef5XAan+VwGpeQG7/kUBu/5gAaBlA25nAXb+imf8kgAAAQCSAhwCBQOjAA0AF7IDDg8REjkAsAMvsAqwCitY2BvcWTAxEzQ2MzIWFxUUBiMiJjWSZlNSZgJmU1RmAvBPZGFNKFFgYlH//wCm//gC6wCcACYAEhUAAAcAEgGvAAD//wCm//gEcwCcACYAEhUAACcAEgGvAAAABwASAzcAAAABAFsCMwD/AtMACwAZsgMMDRESOQCwAy+xCQWwCitYIdgb9FkwMRM0NjMyFhUUBiMiJlsrJicsLCcmKwKDIi4uIiIuLgAABgBb/+sHZgXFABkAJgA0AEIAUABUALyyAlVWERI5sAIQsB7QsAIQsCnQsAIQsDXQsAIQsEjQsAIQsFPQALBRL7BTL7AARViwHC8bsRwePlmwAEVYsBYvG7EWDj5ZsAPQsAMvsgYDFhESObAJ0LAJL7AWELAQ0LAQL7ITFgMREjmwHBCwI9CwIy+wFhCxKgSwCitYIdgb9FmwAxCxMQSwCitYIdgb9FmwKhCwONCwMRCwP9CwIxCxRgSwCitYIdgb9FmwHBCxTQSwCitYIdgb9FkwMQE0NjMyFhc2NjMyFhUVFAYjIiYnBgYjIiY1ATQ2MhYVFRQGIyImNQEUFjMyNjU1NCYjIgYVBRQWMzI2NTU0JiMiBhUBFBYzMjY1NTQmIyIGFRMnARcDTqF7VHkgI3xTe6KffFR9IyB4U3uj/Q2h+KGffHukA1RlWFZlZ1ZVZgHZZVhVZWZWVGf7NGdXVWVoVFNp60oCx0oBZYKqT0JCT6mKR4GrT0FBT6mIA3yCq6uIR4CrqIr8xV15eWJJYHV3YkpdeXdjSmF0dWMC6V14eWBJXXl6YvvnMARyMAAAAQBsAKcB/AOwAAYAEACwBi+yAgcGERI5sAIvMDETASMBNQEz6AEUaf7ZASdpAiv+fAF7EwF7AAABAGEAogHyA7AABgAQALAAL7IDBwAREjmwAy8wMRMBFQEjAQHLASf+2WoBFP7sA7D+gBP+hQGEAYoAAQA+AHkDTwUbAAMACQCwAC+wAi8wMTcnAReISgLHSnkwBHIwAP//ADsCmQK2Ba4BBwIgAAACmQATALAARViwCS8bsQkePlmwDdAwMQAAAQB7AosC7QW6ABEAVLILEhMREjkAsABFWLAALxuxAB4+WbAARViwBC8bsQQePlmwAEVYsA8vG7EPEj5ZsABFWLAHLxuxBxI+WbIBBA8REjmwBBCxCwOwCitYIdgb9FkwMRMXNjYzIBERIxEmIyIGBxEjEdEUJn1RARRvBbtUaBdwBa2JRlD+yv4HAf3SW0r91gMiAAEAYAAABEYFxAApAKGyISorERI5ALAARViwHC8bsRwaPlmwAEVYsBkvG7EZHj5ZsABFWLAGLxuxBg4+WbIpHAYREjmwKS+xAAKwCitYIdgb9FmwBhCxBAGwCitYIdgb9FmwCNCwCdCwABCwDtCwKRCwENCwKRCwFdCwFS+2DxUfFS8VA12xEgKwCitYIdgb9FmwGRCxIAGwCitYIdgb9FmwFRCwJNCwEhCwJtAwMQEhFxYHIRUhNTM2NzYnJyM1MycjNTMnNDYzMhYVIzQmIyIGFRchFSEXIQL1/qQEAkIC6fwbYjMaFAIEvrsFtrMH3bm203uWgX2UBgFn/pwGAV4B3W2uWmhoDV5KUm5ZqVrWyO3TsYeUsZvWWqkABQAjAAAGAwWwABsAHwAjACYAKQDAsh0qKxESObAdELAY0LAdELAj0LAdELAl0LAdELAp0ACwAEVYsBovG7EaHj5ZsABFWLAXLxuxFx4+WbAARViwDC8bsQwOPlmwAEVYsAkvG7EJDj5ZshAMFxESObAQL7AU0LAUL7QPFB8UAl2wJNCwGNCwANCwFBCxEwGwCitYIdgb9FmwH9CwI9CwA9CwEBCwHNCwINCwBNCwEBCxDwGwCitYIdgb9FmwC9CwKdCwB9CyJhcMERI5sicJGhESOTAxATMVIxUzFSMRIwEhESMRIzUzNSM1MxEzASERMwEhJyEFITUhJTMDAREjBTDT09PTfP6o/hN70dHR0XsBbAHae/w/AaiF/t0CNgEQ/mv+T9/fA0bMA5Jmxmb+AAIA/gACAGbGZgIe/eICHvy2xsbGZgFM+/MBLwACALn/7AXyBbAAHwAoAKayIykqERI5sCMQsBHQALAARViwFi8bsRYePlmwAEVYsBovG7EaGj5ZsABFWLAeLxuxHho+WbAARViwFC8bsRQOPlmwAEVYsAovG7EKDj5ZsB4QsQABsAorWCHYG/RZsAoQsQUBsAorWCHYG/RZsAAQsA7QsA/QsiEUFhESObAhL7ESAbAKK1gh2Bv0WbAeELAd0LAdL7AWELEnAbAKK1gh2Bv0WTAxASMRFBYzMjcXBiMiJjURIwYGByMRIxEhMhYXMxEzETMBMzI2NTQmIyMF3+BBTB5DBS9Re3CjC+nP8XcBWcnzFKV44PtR4qe0tKXkA9j9L1pYCmIRj4sC0rnSBP23BbDBtQEV/uv+da2foq0A//8Atf/sB+wFsAAmADYAAAAHAFcEUAAAAAcAIwAABfAFsAAfACMAJwArADAANQA6AP6yOTs8ERI5sDkQsB7QsDkQsCLQsDkQsCfQsDkQsCvQsDkQsC3QsDkQsDPQALAARViwAi8bsQIePlmwAEVYsAwvG7EMDj5ZsABFWLAQLxuxEA4+WbIIAgwREjmwCC+wANCwAC+wBNCwABCxBgGwCitYIdgb9FmwCBCxCgGwCitYIdgb9FmwDtCwChCwEtCwCBCwFNCwBhCwFtCwABCwGNCwAhCwGtCwABCwHNCwAhCwHtCwCBCwINCwBhCwItCwCBCwJNCwBhCwJtCwCBCwKNCwBhCwKtCwChCwLdCyMAIMERI5sAoQsDLQsjUCDBESObAAELA20LI5AgwREjkwMQEhEzMDMxUjBzMVIwMjAyEDIwMjNTMnIzUzAzMTIRMzATM3IQUzNyEFMycjAzcjFxclNyMXFwEzJycHA60BMGR+a5yyMOL4dHtw/t9xenb03jCumGt+ZgEzaHj+MKwv/vcCp6st/vr+zPYtm8kbghsjAqQYgRop/opwEScnA8QB7P4UZt1l/eQCHP3kAhxl3WYB7P4UAez80d3d3d3d/jyCgODpd3npAwpS2dwAAgCbAAAFfgQ6AA0AGwBzsggcHRESObAIELAQ0ACwAEVYsAAvG7EAGj5ZsABFWLAWLxuxFho+WbAARViwCy8bsQsOPlmwAEVYsA4vG7EODj5ZsREBsAorWCHYG/RZsgURABESObAFL7AAELEJAbAKK1gh2Bv0WbIPCQ4REjmwDy8wMQEyFhcRIxEmJichESMRAREzESEyNjcRMxEGBiMCjbCmA3cDcoX+nXcBmHcBXolzA3cBp7AEOsTK/qwBV5WPAfwsBDr7xgLh/YSQlAKx/VzPxwABAFP/7AQSBcQAJQCRsgsmJxESOQCwAEVYsBgvG7EYHj5ZsABFWLAKLxuxCg4+WbIlGAoREjmwJS+xAAKwCitYIdgb9FmwChCxBQGwCitYIdgb9FmwABCwDtCwJRCwENCwJRCwFdCwFS9ACQ8VHxUvFT8VBF2xEgKwCitYIdgb9FmwGBCxHQGwCitYIdgb9FmwFRCwINCwEhCwItAwMQEhFRQWMzI3FwYjIgADNSM1MzUjNTMQADMyFwcmIyIGFSEVIRUhAzH+XdnGdWYKdHL5/uMDwMDAwAEe+WOFCnBtxtcBo/5dAaMCMxHd8iJrHgEmAQYbWaRaAQ4BLB9tI+3kWqQAAAQAIwAABV8FsAAbACIAJwAsAMayGy0uERI5sBsQsB/QsBsQsCbQsBsQsCvQALAARViwCy8bsQsePlmwAEVYsAEvG7EBDj5ZsAsQsSYBsAorWCHYG/RZsgomARESObAKL7AG0LAGL7IgBgFdsCrQsCovQAkAKhAqICowKgRdsQABsAorWCHYG/RZsAYQsQMBsAorWCHYG/RZsAoQsQcBsAorWCHYG/RZsAoQsA/QsAcQsBHQsAYQsBbQsAMQsBjQsAcQsB7QsAYQsCDQsAoQsCPQsAMQsCjQMDEBESMRIzUzNSM1MzUhMhYXMxUjFhUUBzMVIwYhATQnIRUhNiUhJichASEVITYBZXvHx8fHAfCv5DLAowgGob1j/pUBdQr9JgLcCP0cAq9c0v5/ArT9TAGD2AJR/a8DRGWsZfaFcWUqLi0nZfMBqi4srCjpiQT9/YsEAAABADMAAAO1BbAAGwB0sggcHRESOQCwAEVYsBovG7EaHj5ZsABFWLALLxuxCw4+WbAaELEAAbAKK1gh2Bv0WbIEGgsREjmwBC+xBQGwCitYIdgb9FmyDxoLERI5sA8vsQkBsAorWCHYG/RZsAUQsBLQsAQQsBTQsAAQsBjQsBnQMDEBIRYXMwcjBgYjARUjASczNjY3ITchJiYnIzchA5T+1HoSwSGfDu/LAeyO/foBo4y0Ev26IQIkEbKc1yIDUQVHY7Bpr8X9tg0CZ1gBj3xpe5MFaQAAAQAs//YDsgWwAB4AmLIEHyAREjkAsABFWLARLxuxER4+WbAARViwBS8bsQUOPlmyExEFERI5sBMvsBfQsBcvtgAXEBcgFwNdsRgBsAorWCHYG/RZsBnQsAjQsAnQsBcQsBbQsAvQsArQsBMQsRQBsAorWCHYG/RZsBXQsAzQsA3QsBMQsBLQsA/QsA7QsAUQsRoBsAorWCHYG/RZsh4FERESOTAxARUUAgQjIicRBzU3NQc1NxEzETcVBxU3FQcRMhITNQOyiv78qStO1tbW1nvy8vLyzusBAwVxyP7PpQoCqVx2XKJcdVwBev67aHVoomh1af2DASkBCHMAAQBqAAAE1gQ6ABgAXbIAGRoREjkAsABFWLAXLxuxFxo+WbAARViwBC8bsQQOPlmwAEVYsAsvG7ELDj5ZsABFWLARLxuxEQ4+WbIWCxcREjmwFi+wANCwFhCxDQGwCitYIdgb9FmwCtAwMQEWABEVIzU0JyYnESMRBgIVFSM1EAA3NTMC2usBEXdpZrZ3tM14ARPmdwNvFv6Z/t3P0/iUjxb8/AMDFv7Y89LOASMBaBbLAAIAIwAABMgFsAAWAB8Af7IAICEREjmwGNAAsABFWLAMLxuxDB4+WbAARViwAi8bsQIOPlmyFgwCERI5sBYvsQABsAorWCHYG/RZsATQsBYQsAbQsBYQsAvQsAsvQAkPCx8LLws/CwRdsQgBsAorWCHYG/RZsBPQsAsQsBfQsAwQsR4BsAorWCHYG/RZMDEBIREjESM1MzUjNTMRITIEFRQGByEVISUhMjY1NCYnIQLZ/pB6zMzMzAHw5gED/Or+hwFw/pABdq7Au6T+ewFT/q0BU2mVaAL36cjM4QGV/amblrAEAAQAdv/rBYQFxQAZACUAMwA3AJiyGjg5ERI5sBoQsADQsBoQsCbQsBoQsDbQALA0L7A2L7AARViwCS8bsQkePlmwAEVYsCMvG7EjDj5ZsAkQsAPQsAMvsg0JAxESObAJELEQBLAKK1gh2Bv0WbADELEWBLAKK1gh2Bv0WbIZAwkREjmwIxCwHNCwHC+wIxCxKQSwCitYIdgb9FmwHBCxMASwCitYIdgb9FkwMQEUBiMiJjU1NDYyFhUjNCYiBhUVFBYzMjY1ATQ2MhYVFRQGIiY1FxQWMzI2NTU0JiMiBhUFJwEXApKSdHWhn+qTYVqaZmdOSVwBGaH2o6H2o2BnV1ZlZ1ZUaP4HSwLHSwQJYoeshUd/rohkQVR8YEdae1U+/VyCqqmKR4KqqYgFXnh5YklgdXZj6DAEcjAAAgBb/+sDOAYJABgAIgBdsgwjJBESObAMELAZ0ACwDS+wAEVYsAAvG7EADj5ZsgcNABESObAHL7EGAbAKK1gh2Bv0WbAU0LAAELEYAbAKK1gh2Bv0WbAHELAZ0LANELEgAbAKK1gh2Bv0WTAxBSImNTUGIzUyNxE2NjMyFhcVFAIHFRQWMwM2EjU1NCYjIhECv7K9dn+CcwKIdGaBA8mnfnn3cYc/M4YV7dsnKnExAkSvxKaLL8X+k2VjrLACRlgBIJwgbWf+6QAEALEAAAekBcAAAwAQAB0AJwCksiUoKRESObAlELAB0LAlELAE0LAlELAR0ACwAEVYsCYvG7EmHj5ZsABFWLAjLxuxIx4+WbAARViwBi8bsQYePlmwAEVYsCEvG7EhDj5ZsABFWLAfLxuxHw4+WbAGELAN0LANL7AC0LACL7EBA7AKK1gh2Bv0WbANELEUA7AKK1gh2Bv0WbAGELEbA7AKK1gh2Bv0WbIgIyEREjmyJR8mERI5MDEBITUhATQ2IBYVFRQGIyImNRcUFjMyNjU1NCYiBhUBIwERIxEzAREzB5L9qwJV/YuxASSyrpSVsGxyZ2J0csxx/tSB/U14gQK1dgGxYQJambu6n2eXu7qcBHKBgHZpcIOFc/uZBN77IgWw+yEE3wACAGsDlwQ5BbAADAAUAG4AsABFWLAGLxuxBh4+WbAARViwCS8bsQkePlmwAEVYsBMvG7ETHj5ZsgEVBhESObABL7IACQEREjmyAwEGERI5sATQsggBCRESObABELAL0LAGELANsAorWNgb3FmwARCwD9CwDRCwEdCwEtAwMQEDIwMRIxEzExMzESMBIxEjESM1IQPxmDSYSVugoFpI/gGfSZ8BhwU3/mABp/5ZAhn+UgGu/ecB1P4sAdRFAAIAlf/sBJAETgAVABwAZbICHR4REjmwAhCwFtAAsABFWLAKLxuxCho+WbAARViwAi8bsQIOPlmyGgIKERI5sBovsRADsAorWCHYG/RZsAIQsRMDsAorWCHYG/RZshUCChESObAKELEWA7AKK1gh2Bv0WTAxJQYjIiYCNTQSNjMyFhYXFSERFjMyNwEiBxEhESYEE7e7kfSHkPiEheOEA/0Ad5rErP6Ql3oCHHNecp0BAZOPAQOfi/OQPv64bnoDKnr+6wEecQD//wBj//UFoAWcACcBxv/lAoYAJwGUAO0AAAEHAiQDDQAAABAAsABFWLAFLxuxBR4+WTAx//8AgP/1BkgFtAAnAh8AOQKUACcBlAGlAAABBwIkA7UAAAAQALAARViwDi8bsQ4ePlkwMf//AHj/9QYvBasAJwIhAAwClgAnAZQBhQAAAQcCJAOcAAAAEACwAEVYsAEvG7EBHj5ZMDH//wBr//UF4gWsACcCIwAtApcAJwGUASAAAAEHAiQDTwAAABAAsABFWLAFLxuxBR4+WTAxAAIAav/rBDIF8wAcACoAV7IVKywREjmwFRCwHdAAsA0vsABFWLAVLxuxFQ4+WbIADRUREjmwAC+wDRCxBgGwCitYIdgb9FmwABCxHQGwCitYIdgb9FmwFRCxJAGwCitYIdgb9FkwMQEyFhcCAiMiBgcnNzYzMgATFRQCBiMiADU1NDY2FyIGFRUUFjMyEjU1JiYCQHLCRRHfs1GGSxcteZ78ARQBfOGO1v75dtaTosXDoqrJIMwD/mJeARIBOSkyXh1K/lL+dkW8/tWkAR7sGZDkfGbdthi06QEq9S5vjAAAAQCu/w0EkwWwAAcAKACwBC+wAEVYsAYvG7EGHj5ZsAQQsAHQsAYQsQIBsAorWCHYG/RZMDEFIxEhESMRIQSTeP0LeAPl8wY9+cMGowAAAQA//vMEmwWwAAwANwCwAy+wAEVYsAgvG7EIHj5ZsAMQsQIBsAorWCHYG/RZsAXQsAgQsQoBsAorWCHYG/RZsAfQMDEBASEVITUBATUhFSEBAxv9twPJ+6QCWv2mBBn8eQJKAkL9F2ZcAwADBF1m/REAAQClAq4D6AMUAAMAEgCwAi+xAQGwCitYIdgb9FkwMQEhNSED6Py9A0MCrmYAAAEAQAAABCEFsAAKADoAsABFWLADLxuxAx4+WbAARViwBS8bsQUOPlmyAQUDERI5sgoDBRESObAKL7EHAbAKK1gh2Bv0WTAxJRc3ATMBIwMjNTMB5hQSAZl8/gtg85nv8lBQBL76UAKAZgADAHf/6wfvBE4AHAAsAD0AfLIHPj8REjmwBxCwJNCwBxCwNdAAsABFWLAKLxuxCg4+WbAE0LAKELAS0LASL7IHChIREjmyFRIKERI5sBjQsAoQsSEBsAorWCHYG/RZsBIQsSkBsAorWCHYG/RZsBgQsTEBsAorWCHYG/RZsAQQsToBsAorWCHYG/RZMDEBFAYGIyImJwYGIyIANTU0NjYzMhYXNjYzMhYWFwUUFhYzMjY3NScmJiMiBhUlNCYmIyIGBwcVFxYWMzI2NQfvediFnPlSU/eazP71edeFnPdTU/qchNZ4Avj/V6Bpido/Bj/ahZzCBolZnWaH2j0HCDzXiJvDAgmU/I7Vy83TATf0GZX8jtTNzdSO9pIvecx059EqE8bd/ccLec9x38AXKhu94PvKAAH/if5LAnAGFQAWAD+yABcYERI5ALAARViwDi8bsQ4gPlmwAEVYsAMvG7EDED5ZsQgBsAorWCHYG/RZsA4QsRMBsAorWCHYG/RZMDEFFAYjIic3FjMyNRE0NjMyFwcmIyIGFQEpoI44Og8wKsCilEBIEDI3YmxhqasUYhD3BReitBNgDX1xAAACAGUBTgQOA+YAFgAtAHyyBS4vERI5sAUQsCfQALADL7AI0LAIL7ADELAK0LAIELEOAbAKK1gh2Bv0WbADELETAbAKK1gh2Bv0WbAOELAW0LADELAa0LAaL7Af0LAfL7AaELAh0LAfELElAbAKK1gh2Bv0WbAaELEqAbAKK1gh2Bv0WbAlELAt0DAxEzY2MzYXFxYzMjcXBgYjIicnJgciBgcDNjYzNhcXFjMyNxcGBiMiJycmByIGB2owf0JSSqBASoNnAzB6Qk5Co0RPQnwwCTB+QlJKpjxIg2cDMHpCTkKjRk1CfDADZDxEAiNSHYt+PEQfVB8CS0D+6jxFAiNVG4x+PEQfVCACS0EAAQCVAJkD1wS3ABMAOQCwEy+xAAGwCitYIdgb9FmwBNCwExCwB9CwExCwD9CwDy+xEAGwCitYIdgb9FmwCNCwDxCwC9AwMQEhAyc3IzUhEyE1IRMXBzMVIQMhA9f975hHgdMBEK/+QQH8nUeF5/7csAHUAaL+9yngagExagEQKedq/s///wBFAAEDiAQtAGYAIABeQAA5mgEHAa//oP1TAAgAsh8EAV0wMf//AHcAAQPJBDgAZgAiAGhAADmaAQcBr//S/VMACACyHwYBXTAxAAIANwAAA84FsAAFAAkAOLIICgsREjmwCBCwAdAAsABFWLAALxuxAB4+WbAARViwAy8bsQMOPlmyBgADERI5sggAAxESOTAxATMBASMJBAHSYAGc/mZg/mMByv64AUsBSQWw/Sf9KQLXAlX9q/2qAlYA//8ApwCnAVUE5gAnABIAFgCvAAcAEgAZBEoAAgB1Ap0B5wQ6AAMABwAsALAARViwAi8bsQIaPlmwAEVYsAYvG7EGGj5ZsAIQsADQsAAvsATQsAXQMDETIxEzASMRM9diYgEQYmICnQGd/mMBnQAAAQB5/0oBNACwAAcAIrIDCAkREjkAsAgvsATQsAQvtgAEEAQgBANdsADQsAAvMDEXJzY3NTMVFMBHRQNztjRicGA/v///AD8AAATNBhUAJgBKAAAABwBKAhwAAAACADAAAAOgBhUAFAAYAIiyCBkaERI5sAgQsBbQALAARViwAy8bsQMaPlmwAEVYsBAvG7EQGj5ZsABFWLAXLxuxFxo+WbAARViwCC8bsQggPlmwAEVYsAAvG7EADj5ZsABFWLAVLxuxFQ4+WbAQELEBAbAKK1gh2Bv0WbAC0LAIELENAbAKK1gh2Bv0WbACELAS0LAT0DAxMxEjNTM1NDYzMhcHJiMiERUzFSMRISMRM+S0tLyrho4Uen73/f0CRHh4A9hib62/O2c1/v9tYvwoBDoAAAEAPwAAA64GFQAXAG+yExgZERI5ALAARViwBi8bsQYaPlmwAEVYsA4vG7EOGj5ZsABFWLATLxuxEyA+WbAARViwCi8bsQoOPlmwAEVYsBYvG7EWDj5ZsBMQsQIBsAorWCHYG/RZsAYQsQgBsAorWCHYG/RZsAzQsA3QMDEBJiMiBhUVIRUhESMRIzUzNTY2MzIXESMDN5RiZ3ABAv7+eLOzAayafPl3BY4ee3GGYvwoA9hiiqStPfooAAIAPwAABfMGFQAmACoAsbISKywREjmwEhCwKNAAsABFWLADLxuxAxo+WbAARViwES8bsREaPlmwAEVYsB4vG7EeGj5ZsABFWLApLxuxKRo+WbAARViwFi8bsRYgPlmwAEVYsAAvG7EADj5ZsABFWLAiLxuxIg4+WbAARViwJy8bsScOPlmwERCxAQGwCitYIdgb9FmwAtCwFhCwCNCwFhCxGwGwCitYIdgb9FmwDdCwAhCwINCwIdCwJNCwJdAwMTMRIzUzNTQ2MzIXByYjIgYVFSE1NDYzMhcHJiMiERUzFSMRIxEhESEjETPys7Opl0Q7CTI7Y24Bzbyrho4UfXz3/v53/jMEiXh4A9hig6ayEWQMe3GGb62/O2c1/v1rYvwoA9j8KAQ6AAABAD8AAAXzBhUAKQChshQqKxESOQCwAEVYsAMvG7EDGj5ZsABFWLARLxuxERo+WbAARViwIS8bsSEaPlmwAEVYsAgvG7EIID5ZsABFWLAALxuxAA4+WbAARViwGS8bsRkOPlmwAEVYsCUvG7ElDj5ZsBEQsQEBsAorWCHYG/RZsALQsAgQsQ0BsAorWCHYG/RZsAgQsBbQsA0QsB3QsAIQsCPQsCTQsCfQsCjQMDEzESM1MzU0NjMyFwcmIyIGFRUhNTY2MzIXESMRJiMiBhUVIRUhESMRIRHys7Opl0Q7CTI7Y24BzQGsmX35eJRiZ3ABA/79d/4zA9hig6ayEWQMe3GGiqOuPfooBY4ee3GGYvwoA9j8KAAAAQA//+wEbwYVACgAl7IUKSoREjkAsABFWLAQLxuxEBo+WbAARViwHS8bsR0aPlmwAEVYsCcvG7EnGj5ZsABFWLAjLxuxIyA+WbAARViwGS8bsRkOPlmwAEVYsAovG7EKDj5ZsCcQsQABsAorWCHYG/RZsAoQsQUBsAorWCHYG/RZsAAQsA7QsA/QsCMQsRUBsAorWCHYG/RZsA8QsBvQsBzQMDEBIxEUFjMyNxcGIyImJxEjNTMRJiYjIgYVESMRIzUzNTY3NjMyFhcRMwRc4EFMHkMFL1F5cgHGxiJ4MWNreLOzAVhSjEe2VuAD2P0vWlgKYhGLiQLYYgFJEhp+cftAA9hiiKhZUisq/noAAQBl/+wGMgXuAEoAw7IYS0wREjkAsEUvsABFWLA+LxuxPho+WbAARViwDy8bsQ8aPlmwAEVYsEkvG7FJGj5ZsABFWLAJLxuxCQ4+WbAARViwKy8bsSsOPlmwSRCxAQGwCitYIdgb9FmwCRCxBAGwCitYIdgb9FmwARCwDdCwRRCxEwGwCitYIdgb9FmyHD4rERI5sD4QsR8BsAorWCHYG/RZsjgrPhESObA4ELEkAbAKK1gh2Bv0WbIvKz4REjmwKxCxMgGwCitYIdgb9FkwMQEjERQzMjcXBiMiJicRIzUzNRAjIgYVFB4CFSM0JiMiBhUUFgQWFhUUBiMiJjUzFhYzMjY1NCYkJiY1NDYzMhcmNTQ2MzIWFRUzBh/gjSo3BTNNcXoBwsLfW2YjKiN4n3l2j3cBO51M3bK963gHo4Z9mo/+4J9N1qd2YSqtiKax4APY/UfLC2IRmJcCvWJJAQRjU0RpY25IX35pVFFZSlR2VImkt4xpdW5UWWw9T3JRgKcrZVR4mri6QgAAFgBY/nIH6wWuAA0AGgAoADcAPQBDAEkATwBWAFoAXgBiAGYAagBuAHYAegB+AIIAhgCKAI4B+7IQj5AREjmwEBCwANCwEBCwG9CwEBCwMNCwEBCwPNCwEBCwPtCwEBCwRtCwEBCwStCwEBCwUNCwEBCwV9CwEBCwW9CwEBCwYdCwEBCwY9CwEBCwZ9CwEBCwbdCwEBCwcNCwEBCwd9CwEBCwe9CwEBCwf9CwEBCwhNCwEBCwiNCwEBCwjNAAsD0vsABFWLBGLxuxRh4+WbJ+SQMrsnt6Ayuyd4IDK7J/OgMrsgo9RhESObAKL7AD0LADL7AO0LAOL7AKELAP0LAPL7JvDg8REjmwby+yr28BcbZfb29vf28DXUAJz2/fb+9v/28EXbL/bwFxtA9vH28CckAJb29/b49vn28EcrFQBrAKK1gh2Bv0WbIVUG8REjmwChCxHgawCitYIdgb9FmwAxCxJQawCitYIdgb9FmwDxCwKdCwKS+wDhCwLtCwLi+xNAawCitYIdgb9FmwPRCxPAuwCitYIdgb9FmwPRCwa9CwZ9CwY9CwPtCwPBCwbNCwaNCwZNCwP9CwOhCwQdCwRhCxRwuwCitYIdgb9FmwX9CwW9CwV9CwStCwRhCwYNCwXNCwWNCwS9CwSRCwTtCwDhCxUQawCitYIdgb9FmwDxCxdgqwCitYIdgb9FmwdxCwhNCwehCwhdCwexCwiNCwfhCwidCwfxCwjNCwghCwjdAwMQEUBiMiJic1NDYzMhYXExEzMhYVFAcWFhUUIwE0JiMiBhUVFBYzMjY1ATMRFAYjIiY1MxQzMjY1AREzFTMVITUzNTMRAREhFSMVJTUhESM1ARUzMjU0JxM1IRUhNSEVITUhFQE1IRUhNSEVITUhFRMzMjU0JiMjASM1MzUjNTMRIzUzJSM1MzUjNTMRIzUzAzaBZGaAAn5oZYACQ7xiclQyNND+j0pBQEpKQkBJA7pcaVJYbV1oKTb5xHHEBSjHb/htATXEBewBNm/8XH5nYssBFv1bARX9XAEUAgoBFv1bARX9XAEUvF12Ojxd/PFxcXFxcXEHIm9vb29vbwHUYnl4XnVffHhe/rMCJUlNVCANRi2bAUhFTk5FcEVOTkUBT/6GTl1RU1s2LPzJATvKcXHK/sUGHwEddKmpdP7jqfy2qVNSBANKdHR0dHR0+ThxcXFxcXEDxFApHv7T/H76/BX5fvx++vwV+QAABQBc/dUH1whzAAMAHAAgACQAKABGALAhL7AlL7AA0LAAL7AhELAC0LACL7INAAIREjmwDS+wFNCwFC+yHwIAERI5sB8vsh4fDRESObAeL7IcHhQREjmwHC8wMQkDBTQ2NzY2NTQmIyIGBzM2NjMyFhUUBwYGFRcjFTMDMxUjAzMVIwQYA7/8QfxEBA8eJEpcp5WQoALLAjorOThdWy/KyspLBAQCBAQGUvwx/DEDz/E6Ohgnh0qAl4t/MzRANF88QVxMW6r9TAQKngQAAQBMAAACmwMgABYAW7IIFxgREjkAsABFWLAOLxuxDhg+WbAARViwAC8bsQAOPlmxFgKwCitYIdgb9FmyAgAWERI5sgMOABESObAOELEIArAKK1gh2Bv0WbILAA4REjmyFAAOERI5MDEhITUBNjU0JiMiBhUjNDYyFhUUDwIhApv9xQFAalFPV15pnvyOdjfiAbZLATpuST9NWUlsjnxmZXo30QABAH4AAAHQAxYABgA6ALAARViwBS8bsQUYPlmwAEVYsAEvG7EBDj5ZsgQFARESObAEL7EDArAKK1gh2Bv0WbICAwUREjkwMSEjEQc1JTMB0GroAUQOApdGWmsAAAIAV//1AooDIAANABkASLIDGhsREjmwAxCwEdAAsABFWLAKLxuxChg+WbAARViwAy8bsQMOPlmwChCxEQKwCitYIdgb9FmwAxCxFwKwCitYIdgb9FkwMQEUBiMiJic1NDYzMhYVJzQmIyIVFRQWMzI1AoqUhIOWApOGh5NpWViwWlivAUaoqaihkKKwsKQMdHv2lHN++QAAAgBV//YDgwSdABUAIgBhshQjJBESObAUELAd0ACwAEVYsAkvG7EJHD5ZsABFWLAQLxuxEA4+WbIDEAkREjmwAy+wEBCxEgGwCitYIdgb9FmwAxCxFgGwCitYIdgb9FmwCRCxHQGwCitYIdgb9FkwMQEGBiMiJjU0NjMyFhUVEAAFIzczNjYlMjY3NTQmIyIGFRQWAwsvoGqn1uGzxNb+0v7eJQEk4PH+4GWhIpmJfZ6YAg5BUtussOv44lj+zP7CA2YD26RpWTqhu7J/faoAAAMAXP/wA6QEnQAXACMALwCPsgkwMRESObAJELAb0LAJELAn0ACwAEVYsBUvG7EVHD5ZsABFWLAJLxuxCQ4+WbItFQkREjmwLS+0HC0sLQJdtE8tXy0CcbJfLQFdsuktAV2yuS0BXbEbAbAKK1gh2Bv0WbIDGy0REjmyDy0bERI5sAkQsSEBsAorWCHYG/RZsBUQsScBsAorWCHYG/RZMDEBFAYHFhYVFAYjIiY1NDY3JiY1NDYzMhYDNCYjIgYVFBYzMjYDNCYjIgYVFBYzMjYDg25hcX/nvL/mgG9ecNSur9VXqoOEp6KLiKMhmHR2k5N4dZUDXliMJSaYYZawsJZklyUjiluSra79S2aCgGhpfH0Ci118dmNgdncAAQBDAAADpgSNAAYAOrIBBwgREjkAsABFWLAFLxuxBRw+WbAARViwAS8bsQEOPlmwBRCxAwGwCitYIdgb9FmyAAMFERI5MDEBASMBITUhA6b91H0CKP0eA2MER/u5BCZnAAACAHv/8AOmBJYAFQAiAGWyAyMkERI5sAMQsBbQALAARViwAC8bsQAcPlmwAEVYsA4vG7EODj5ZsAAQsQEBsAorWCHYG/RZsggOABESObAIL7IFCA4REjmxFgGwCitYIdgb9FmwDhCxHQGwCitYIdgb9FkwMQEVIwYEBzY2MzIWFRQGIyImNTUQACEDIgYHFRQWMzI2NTQmAvoa3v7/DjimXK3M2bC75wFCASvSX6YfqIN6mJYElmgD5tRGSdasr9/xx2MBOAFT/gNiTkiXtad/gJ4AAAEAkf/wA7AEjQAdAHCyGh4fERI5ALAARViwAS8bsQEcPlmwAEVYsA0vG7ENDj5ZsAEQsQMBsAorWCHYG/RZsgcBDRESObAHL7IFBw0REjmyEQ0HERI5sA0QsRQBsAorWCHYG/RZsAcQsRoBsAorWCHYG/RZsh0aDRESOTAxExMhFSEDNjMyFhUUBiMiJiczFhYzMjY1NCYjIgcHsEYCm/3JL2mOtdnTwaLcDXQNk3eSiaCKhU0sAlACPWz+jj7OrLfMs5JneZmIfJUyHwAAAgA8AAAD3gSNAAoADgBesg4PEBESObAOELAJ0ACwAEVYsAkvG7EJHD5ZsABFWLAELxuxBA4+WbIBCQQREjmwAS+0OQFJAQJdsQIBsAorWCHYG/RZsAbQsAEQsAvQsggLBhESObINCQQREjkwMQEzFSMRIxEhJwEzASERBwMWyMh4/Z8BAlmB/bEB1zEBhGb+4gEeSQMm/PcCdFMAAQBV//ADlASdACgAnLIbKSoREjkAsABFWLAPLxuxDxw+WbAARViwGy8bsRsOPlmyAQ8bERI5sAEvsukBAV20jwGfAQJxsl8BAV20TwFfAQJxsi8BAV2yHAEBXbK5AQFdskkBAV2wDxCxCAGwCitYIdgb9FmyCw8bERI5sAEQsScBsAorWCHYG/RZshUBJxESObIfGw8REjmwGxCxIgGwCitYIdgb9FkwMQEzNjc2NTQmIyIGFSM0NjMyFhUUBgcWFhUUBiMiJjUzFBYzMjY0JicjAWp3mE88jIB9m3firLTQc2N8c+C4u+x3qoaImJ6ceAKDAko5Umd1emCLtq2YVY0iIJRjmLW3lmWDedp1AgABAFoAAAOyBJ0AGABbsgkZGhESOQCwAEVYsBAvG7EQHD5ZsABFWLAALxuxAA4+WbEXAbAKK1gh2Bv0WbICFwAREjmyAxAAERI5sBAQsQkBsAorWCHYG/RZsgwQABESObIWABAREjkwMSEhNQE2NjU0JiMiBhUjNDYzMhYVFAcHASEDsvzGAbFvY4t3jZp457iuzKRh/p8CpVoBr2ybRml3inadyrKTi7Nn/rIAAQCfAAACeASQAAYAQbIBBwgREjkAsABFWLAFLxuxBRw+WbAARViwAC8bsQAOPlmyBAAFERI5sAQvsQMBsAorWCHYG/RZsgIDBRESOTAxISMRBTUlMwJ4eP6fAccSA/tvbJgAAAIAaf/wA5YEnQANABsASLIDHB0REjmwAxCwEdAAsABFWLAKLxuxChw+WbAARViwAy8bsQMOPlmwChCxEQGwCitYIdgb9FmwAxCxGAGwCitYIdgb9FkwMQEUAiMiAic1NBIzMhIXJzQmIyIGFRUUFjMyNjUDltPCwNcB08PC0wJ4lIuKlJaKiZQB6PP++wED8cLwAQf+/u0Hu8bGvdm6y8fBAAEASwAAA9YEjQAJAEYAsABFWLAHLxuxBxw+WbAARViwAi8bsQIOPlmxAAGwCitYIdgb9FmyBAACERI5sAcQsQUBsAorWCHYG/RZsgkFBxESOTAxNyEVITUBITUhFeQC8vx1Atb9PwNcZWVUA9JnUQABABUAAAQMBI0ACAAxALAARViwAS8bsQEcPlmwAEVYsAcvG7EHHD5ZsABFWLAELxuxBA4+WbIAAQQREjkwMQEBMwERIxEBMwIQAXOJ/j94/kKJAhECfP0a/lkBrALhAAABACoAAAQRBI0ACwBTALAARViwAS8bsQEcPlmwAEVYsAovG7EKHD5ZsABFWLAELxuxBA4+WbAARViwBy8bsQcOPlmyAAEEERI5sgYBBBESObIDAAYREjmyCQYAERI5MDEBATMBASMBASMBATMCGwFWkP5jAa2P/pr+nI4Bq/5hjwKqAeP9wf2yAfD+EAJOAj8AAAEAMgAABfoEjQASAFkAsABFWLADLxuxAxw+WbAARViwCC8bsQgcPlmwAEVYsBEvG7ERHD5ZsABFWLAKLxuxCg4+WbAARViwDy8bsQ8OPlmyAQMKERI5sgYDChESObINAwoREjkwMQEXNwEzARc3EzMBIwEnBwEjATMBjh8lAQ9vAQskIeJ4/sR0/uQVFf7ec/7DeQEgmI4Dd/yHjpsDbPtzA6dVVfxZBI0AAQAYAAAEKwSNAAgAMQCwAEVYsAMvG7EDHD5ZsABFWLAHLxuxBxw+WbAARViwBS8bsQUOPlmyAQMFERI5MDElFzcBMwEjATMCCBkaAW+B/jF1/jGC1VhXA7n7cwSNAAEAiP/wBAAEjQARAD2yBBITERI5ALAARViwAC8bsQAcPlmwAEVYsAgvG7EIHD5ZsABFWLAELxuxBA4+WbENAbAKK1gh2Bv0WTAxAREUBiMiJicRMxEUFjMyNjcRBADwzMvuA3avl5auAQSN/O621c+0Axr87oqcmYoDFQABACsAAAP1BI0ABwAvALAARViwBi8bsQYcPlmwAEVYsAIvG7ECDj5ZsAYQsQABsAorWCHYG/RZsATQMDEBIREjESE1IQP1/lZ3/lcDygQm+9oEJmcAAAEASv/wA9MEnQAmAGayECcoERI5ALAARViwCS8bsQkcPlmwAEVYsBwvG7EcDj5ZsgMcCRESObINCRwREjmwCRCxEAGwCitYIdgb9FmwAxCxFQGwCitYIdgb9FmyIRwJERI5sBwQsSQBsAorWCHYG/RZMDEBNCYkJiY1NDYzMhYVIzQmIyIGFRQWBBYWFRQGIyImJjUzFBYzMjYDWoT+mapT7L2+8nisjYumkgFTrVjxwYTYe3i9oo6rASFZbFtce1SHqsWacYhwWlNpVl6DWIymVZ9ud4dxAAIAmAAABBYEjQAOABcAarIFGBkREjmwBRCwFtAAsABFWLAELxuxBBw+WbAARViwAi8bsQIOPlmwAEVYsA0vG7ENDj5ZshAEAhESObAQL7Q/EE8QAl2xAAGwCitYIdgb9FmyCwAEERI5sAQQsRYBsAorWCHYG/RZMDEBIREjESEyFhUUBgcBFSMBITI2NTQmJyECcf6edwGdyeOMcwE0gP15ATyCnKGQ/tcB1P4sBI28pHOrIP4bCgI6hmp1hgEAAAIAZf8zBD0EnQASACAASLIIISIREjmwCBCwHdAAsABFWLAPLxuxDxw+WbAARViwCC8bsQgOPlmwDxCxFgGwCitYIdgb9FmwCBCxHQGwCitYIdgb9FkwMQEUBgcXBycGIyIANTU0ADMyABcHNCYjIgYVFRQWMzI2NQQ9fXDeUf9ESd3+8QEO3doBDQZ3ya2qycisr8YCDKj0QbNJzhEBJ/lv9QEp/uXvEszn59JvzOno0QACAJoAAAP0BI0ACgATAE+yBBQVERI5sAQQsAzQALAARViwAy8bsQMcPlmwAEVYsAEvG7EBDj5ZsgsDARESObALL7EAAbAKK1gh2Bv0WbADELESAbAKK1gh2Bv0WTAxAREjESEyFhUUBgclITI2NTQmIyEBEXcBr8fk3sn+xAE4k5+ij/7HAc/+MQSNwKOktgFmf3R2iAACAGn/8AQ/BJ0ADgAcAEiyAx0eERI5sAMQsBLQALAARViwCy8bsQscPlmwAEVYsAMvG7EDDj5ZsAsQsRIBsAorWCHYG/RZsAMQsRkBsAorWCHYG/RZMDEBFAAjIgA1NTQ2NjMyABcHNCYjIgYVFRQWMzI2NQQ//vbg3/7zeOGR2QENBnbJravJyqyuxgIM9v7aASj5bqH2h/7l7xLM5+fSb8vq6NEAAQCaAAAERgSNAAkARQCwAEVYsAUvG7EFHD5ZsABFWLAILxuxCBw+WbAARViwAC8bsQAOPlmwAEVYsAMvG7EDDj5ZsgIFABESObIHBQAREjkwMSEjAREjETMBETMERnf9Qnd3Ar53A9H8LwSN/C8D0QAAAQCaAAAFWgSNAA4AYLIBDxAREjkAsABFWLAALxuxABw+WbAARViwAi8bsQIcPlmwAEVYsAQvG7EEDj5ZsABFWLAILxuxCA4+WbAARViwDC8bsQwOPlmyAQAEERI5sgcABBESObIKAAQREjkwMQkCMxEjERMBIwETESMRATcBwgHCn3cL/jha/joLdwSN/BkD5/tzAd0CH/wEA/X96P4jBI0AAQCaAAADdQSNAAUAKQCwAEVYsAQvG7EEHD5ZsABFWLACLxuxAg4+WbEAAbAKK1gh2Bv0WTAxJSEVIREzARECZP0ld2VlBI0AAQCaAAAEPQSNAAwAUwCwAEVYsAUvG7EFHD5ZsABFWLAILxuxCBw+WbAARViwAi8bsQIOPlmwAEVYsAwvG7EMDj5ZsgACCBESObIBCAIREjmyBgIIERI5sgoCCBESOTAxAQcRIxEzETcBMwEBIwG8q3d3pgHFl/3/AiuUAjSf/msEjf2ZqQG+/fn9egABADv/8AM3BI0ADwAwsgUQERESOQCwAEVYsAAvG7EAHD5ZsABFWLAFLxuxBQ4+WbEMAbAKK1gh2Bv0WTAxATMRFAYjIiY1MxQWMzI2NQK+ecynus94kIFxiQSN/MOewrOieXeLcgABALEAAAEpBI0AAwAdALAARViwAi8bsQIcPlmwAEVYsAAvG7EADj5ZMDEhIxEzASl4eASNAAABAJoAAARBBI0ACwBPALAARViwBi8bsQYcPlmwAEVYsAovG7EKHD5ZsABFWLAALxuxAA4+WbAARViwBC8bsQQOPlmyCQYAERI5fLAJLxixAgGwCitYIdgb9FkwMSEjESERIxEzESERMwRBd/1Hd3cCuXcCDP30BI395QIbAAABAHj/8AQqBJ0AIAB3sgshIhESOQCwAEVYsAsvG7ELHD5ZsABFWLAELxuxBA4+WbIPCwQREjmyDA8BXbALELESAbAKK1gh2Bv0WbAEELEZAbAKK1gh2Bv0WbIgCwQREjmwIC+0byB/IAJdsg8gAV20PyBPIAJdsR0BsAorWCHYG/RZMDElBgcGIyIANTU0ADMyFhcjJiYjIgYVFRQWMzI2NxEhNSEEKidOh7vj/ugBCOHE6xl3Fq6MrMbSsmerLf63AcCLNCZBASb3fvIBILiofXziyoLG7TEtAR1iAAABAJoAAAOmBI0ACQBCALAARViwBC8bsQQcPlmwAEVYsAIvG7ECDj5ZsgkEAhESObAJL7EAAbAKK1gh2Bv0WbAEELEGAbAKK1gh2Bv0WTAxASERIxEhFSERIQNS/b93Awz9awJBAhX96wSNZ/5VAAEASv8TA9MFcwArAHOyEywtERI5ALAARViwCS8bsQkcPlmwAEVYsB8vG7EfDj5ZsABFWLAiLxuxIg4+WbIDHwkREjmyEAkiERI5sAkQsRMBsAorWCHYG/RZsAMQsRgBsAorWCHYG/RZsiYiCRESObAfELEpAbAKK1gh2Bv0WTAxATQmJCYmNTQ2NzUzFRYWFSM0JiMiBhUUFgQWFhUUBgcVIzUmJjUzFBYzMjYDWoT+mapT1Khlrct4rI2LppIBU61Y0q5lvuZ4vaKOqwEhWWxbXHtUgKUK2NkQwopxiHBaU2lWXoNYgaUK398MvZd3h3EAAQApAAADyASdAB8AdLIbICEREjkAsABFWLAULxuxFBw+WbAARViwBi8bsQYOPlmyHhQGERI5sB4vsQAEsAorWCHYG/RZsAYQsQQBsAorWCHYG/RZsAjQsAnQsAAQsA3QsA7QsB4QsBDQshgUBhESObAUELEaAbAKK1gh2Bv0WTAxASEXFgchFSE1MzY2JycjNTMnJjYzMhYVIxAjIgYXFyEC+v5lAwlbArj8mAo+SAYDvrsECL+srbN46Hd6BgQBngIWRPR4ZmYT0IlEV3vL6sa9ARuopXsAAQAVAAADiwSNABcAb7IAGBkREjkAsABFWLABLxuxARw+WbAARViwDC8bsQwOPlmyAAwBERI5sggBDBESObAIL7AD0HywAy8YsAWwCitY2BvcWbAIELAKsAorWNgb3FmwDtCwCBCwENCwBRCwEtCwAxCwFNCwARCwFtAwMQEBMwEhFSEVFSEVIRUjNSE1ITUhNSEBMwHRATt//qwBAf7SAS7+0nj+0gEu/tIBBP6tggIRAnz9clcBUlb//1ZTVwKOAAABAJoAAAN+BI0ABQAzsgEGBxESOQCwAEVYsAQvG7EEHD5ZsABFWLACLxuxAg4+WbAEELEAAbAKK1gh2Bv0WTAxASERIxEhA379k3cC5AQm+9oEjQACABgAAAQrBI0AAwAIAD2yBQkKERI5sAUQsALQALAARViwAi8bsQIcPlmwAEVYsAAvG7EADj5ZsgUCABESObEHAbAKK1gh2Bv0WTAxISEBMwcnBwEhBCv77QHPdSEaGf65AsEEjdVXWPyvAAADAGn/8AQ/BJ0AAwASACAAirIHISIREjmwBxCwAdCwBxCwFtAAsABFWLAPLxuxDxw+WbAARViwBy8bsQcOPlmyAw8HERI5sAMvsl8DAV20TwNfAwJxtI8DnwMCcbSPA58DAl20HwMvAwJdss8DAXGxAAGwCitYIdgb9FmwDxCxFgGwCitYIdgb9FmwBxCxHQGwCitYIdgb9FkwMQEhNSEXFAAjIgA1NTQ2NjMyABcHNCYjIgYVFRQWMzI2NQNs/egCGNP+9uDf/vN44ZHZAQ0Gdsmtq8nKrK7GAhVmb/b+2gEo+W6h9of+5e8SzOfn0m/L6ujRAAABABgAAAQrBI0ACAA4sgcJChESOQCwAEVYsAIvG7ECHD5ZsABFWLAALxuxAA4+WbAARViwBC8bsQQOPlmyBwIAERI5MDEzIwEzASMBJweaggHPdQHPgf6RGhkEjftzA7hXWAAAAwBHAAADTASNAAMABwALAGiyBQwNERI5sAUQsAHQsAUQsAnQALAARViwCi8bsQocPlmwAEVYsAAvG7EADj5ZsQIBsAorWCHYG/RZsgcKABESObAHL7QfBy8HAl2xBAGwCitYIdgb9FmwChCxCAGwCitYIdgb9FkwMSEhNSEDITUhEyE1IQNM/PsDBU39lwJpTfz7AwVmAcVmAZVnAAABAJoAAAQqBI0ABwBAsgEICRESOQCwAEVYsAYvG7EGHD5ZsABFWLAALxuxAA4+WbAARViwBC8bsQQOPlmwBhCxAgGwCitYIdgb9FkwMSEjESERIxEhBCp4/V93A5AEJvvaBI0AAQA7AAADvQSNAAwATbIGDQ4REjkAsABFWLAILxuxCBw+WbAARViwAy8bsQMOPlmxAQGwCitYIdgb9FmyBQEDERI5sAgQsQoBsAorWCHYG/RZsgcIChESOTAxAQEhFSE1AQE1IRUhAQI9/pYC6vx+AXb+igNL/U8BaAI6/ixmXQHtAeZdZ/44AAMAaQAABPUEjQARABgAHwCBsgAgIRESObAV0LAAELAc0ACwAEVYsBAvG7EQHD5ZsABFWLAILxuxCA4+WbIAEAgREjmwAC+yFhAIERI5sBYvQA0PFh8WLxY/Fk8WXxYGXbEHAbAKK1gh2Bv0WbAK0LAAELAP0LAAELEVAbAKK1gh2Bv0WbAWELAc0LAVELAd0DAxARYEFRQGBgcVIzUmABAkNzUzATQmJxE2NiUUFhcRBgYC6u0BHoDxmnfz/ukBHO53AZTUwL7W/GLUv77VBCUG/NOM13sFbW0IAQYBpvwIaP3DrroG/RUGxq+vxgYC6wa+AAABAGkAAASGBI0AGABdsgAZGhESOQCwAEVYsAQvG7EEHD5ZsABFWLARLxuxERw+WbAARViwFy8bsRccPlmwAEVYsAsvG7ELDj5ZshYECxESObAWL7AA0LAWELENAbAKK1gh2Bv0WbAK0DAxATY2NREzEQYHBgcRIxEmAjURMxEWFhcRMwK0rq13AW966Hni8HgBsqd5AZQR58UBPP7B7IyYD/7RAS4OARn8ATz+wcvhDgL5AAABAIAAAARpBJ0AJABesgclJhESOQCwAEVYsBovG7EaHD5ZsABFWLAPLxuxDw4+WbAARViwIy8bsSMOPlmwDxCxEQGwCitYIdgb9FmwDtCwANCwGhCxBwGwCitYIdgb9FmwERCwIdCwItAwMSU2Njc1NCYjIgYVFRQWFxUhNTMmJjU1NDY2MzIAFRUUAgczFSECyJaGAsavrMeJm/5e8Wx/eeGR3QEPdnP1/l90N+3EM77o5sYhw/Y7dGVG/cAll/OG/tjyG7P+/ExlAAABACL/7AULBI0AFwBusgcYGRESOQCwAEVYsAIvG7ECHD5ZsABFWLAWLxuxFg4+WbAARViwDi8bsQ4OPlmwAhCxAAGwCitYIdgb9FmwBNCwBdCyCBYCERI5sAgvsA4QsQ8BsAorWCHYG/RZsAgQsRQBsAorWCHYG/RZMDEBITUhFSERNjMyFhUUBiM1IBE0JiAHESMBnf6FA33+dp6n0OHRxQEfnP7Ep3gEJmdn/mxEvMSvu2UBBpOGRv3WAAEAbf/wBBkEnQAfAIeyAyAhERI5ALAARViwCy8bsQscPlmwAEVYsAMvG7EDDj5Zsg8LAxESObALELESAbAKK1gh2Bv0WbIWCwMREjmwFi+0jxafFgJdsl8WAV20HxYvFgJdtE8WXxYCcbSPFp8WAnGxFwGwCitYIdgb9FmwAxCxHAGwCitYIdgb9FmyHwMLERI5MDEBBgYjIgA1NTQ2NjMyFhcjJiYjIgYVIRUhFRQWMzI2NwQZFfPJ1P75d9qQyO4VeBKin6jCAgD+AL+loaUTAW+5xgEe+4Ce84PJuYiT49hmE8fmjI4AAAIAJQAABu8EjQAWAB8AerIEICEREjmwBBCwF9AAsABFWLARLxuxERw+WbAARViwAy8bsQMOPlmwAEVYsAovG7EKDj5ZsBEQsQUBsAorWCHYG/RZsAoQsQ0BsAorWCHYG/RZshMRAxESObATL7EXAbAKK1gh2Bv0WbADELEYAbAKK1gh2Bv0WTAxARQGByERIQMCAgcjNzMyNhMTIREhMhYlESEyNjU0JicG79a8/kD+DRIRkaIvAiRuXQ0UAt0BP8PZ/SUBQoiZkIUBYKC+AgQm/h7+v/7+AWzkASECHP4wvFb+D4Z2bYUDAAIAmgAABv4EjQASABsAtbIBHB0REjmwARCwE9AAsABFWLACLxuxAhw+WbAARViwES8bsREcPlmwAEVYsAsvG7ELDj5ZsABFWLAPLxuxDw4+WbIBDwIREjmwAS+yXwEBXbLPAQFdtI8BnwECcbIPAQFytE8BXwECcbSPAZ8BAl20HwEvAQJdsj8BAXKyBAILERI5sAQvsAEQsQ0BsAorWCHYG/RZsAQQsRMBsAorWCHYG/RZsAsQsRQBsAorWCHYG/RZMDEBIREzESEyFhUUBgchESERIxEzAREhMjY1NCYnARECm3cBP8PZ1rz+QP1ld3cDEgFCiJmQhQJyAhv+MLyhoL4CAgz99ASN/cr+D4Z2bYUDAAEAKwAABRQEjQAVAFyyBxYXERI5ALAARViwAi8bsQIcPlmwAEVYsAwvG7EMDj5ZsABFWLAULxuxFA4+WbACELEAAbAKK1gh2Bv0WbAE0LAF0LIIAgwREjmwCC+xEQGwCitYIdgb9FkwMQEhNSEVIRE2MzIWFxEjESYmIyIHESMBpv6FA33+dp6n388DeAGPqZ6neAQmZ2f+bUO+yv6yAUadjUb91gABAJr+qgQqBI0ACwBQsgEMDRESOQCwAi+wAEVYsAYvG7EGHD5ZsABFWLAKLxuxChw+WbAARViwAC8bsQAOPlmwAEVYsAQvG7EEDj5ZsQgBsAorWCHYG/RZsAnQMDEhIREjESERMxEhETMEKv50eP50dwKheP6qAVYEjfvZBCcAAAIAmgAAA+wEjQAMABUAYbIDFhcREjmwAxCwDdAAsABFWLALLxuxCxw+WbAARViwCS8bsQkOPlmwCxCxAAGwCitYIdgb9FmyAwsJERI5sAMvsAkQsQ0BsAorWCHYG/RZsAMQsRMBsAorWCHYG/RZMDEBIREhMhYVFAYHIREhATI2NTQmJyERA3z9lQE/w9nWvP5AAuL+14iZkIX+sgQo/pW8oaC+AgSN+9mGdm2FA/4PAAACADT+sQSwBI0ADgAUAGCyEhUWERI5sBIQsATQALAIL7AARViwBC8bsQQcPlmwAEVYsAovG7EKDj5ZsQABsAorWCHYG/RZsAbQsAfQsAgQsAzQsAwvsAcQsA/QsBDQsAQQsREBsAorWCHYG/RZMDE3NzYTEyERMxEjESERIxMzIREhAwKENIEREwLOhXj8dHgB2QKl/hwQF2ZBrgFgAdj72f5LAU/+uAGuA8D+f/6AAAEAJQAABfQEjQAVAJ+yARYXERI5ALAARViwCS8bsQkcPlmwAEVYsA0vG7ENHD5ZsABFWLARLxuxERw+WbAARViwAi8bsQIOPlmwAEVYsAYvG7EGDj5ZsABFWLAULxuxFA4+WbIQCQIREjmwEC+yXxABXbRPEF8QAnG0HxAvEAJdtI8QnxACcbEAAbAKK1gh2Bv0WbAE0LIIEAAREjmwEBCwC9CyEwAQERI5MDEBIxEjESMBIwEBMwEzETMRMwEzAQEjA8V9eH3+bJoBw/5ulQFqe3h8AWuT/m0BxZsCGf3nAhn95wJPAj798wIN/fMCDf3H/awAAAEATv/wA8kEnQAnAIeyIygpERI5ALAARViwCi8bsQocPlmwAEVYsBUvG7EVDj5ZsAoQsQMBsAorWCHYG/RZsgYKFRESObImChUREjmwJi+yXyYBXbQfJi8mAl20TyZfJgJxtI8mnyYCcbEjAbAKK1gh2Bv0WbIQIyYREjmyGhUKERI5sBUQsR0BsAorWCHYG/RZMDEBNCYjIgYVIzQ2MzIWFRQGBxYVFAYjIiYmNTMWFjMyNjU0JicjNTMgAz6jlYSqePSyzeN0aO/2zXrKdHgCsoykp6Sem48BOwNYaHV6YJCyqJZhiyM+1ZyxUZdqaoF7a3ZpAWYAAQCaAAAETQSNAAkATLIACgsREjkAsABFWLAALxuxABw+WbAARViwBy8bsQccPlmwAEVYsAIvG7ECDj5ZsABFWLAFLxuxBQ4+WbIEAAIREjmyCQACERI5MDEBMxEjEQEjETMRA9Z3d/07d3cEjftzA9n8JwSN/CYAAQCgAAAEGgSNAAwAZ7IKDQ4REjkAsABFWLAELxuxBBw+WbAARViwCC8bsQgcPlmwAEVYsAIvG7ECDj5ZsABFWLALLxuxCw4+WbIHBAIREjmwBy+yXwcBXbQfBy8HAl2xAAGwCitYIdgb9FmyCgAHERI5MDEBIxEjETMRMwEzAQEjAaOMd3eLAbiT/hgCFZ0CGf3nBI398wIN/cX9rgABACUAAAQUBI0AEABPsgQREhESOQCwAEVYsAAvG7EAHD5ZsABFWLABLxuxAQ4+WbAARViwCC8bsQgOPlmwABCxAwGwCitYIdgb9FmwCBCxCwGwCitYIdgb9FkwMQERIxEhAwICByM3Nz4CNxMEFHf+DRERkJ80AiVLUi0KFwSN+3MEJv44/rL+8wNsAQNbx7YCRQAAAQAg/+wEAASNABIARLIGExQREjkAsABFWLADLxuxAxw+WbAARViwES8bsREcPlmwAEVYsAgvG7EIDj5ZsgEDCBESObENAbAKK1gh2Bv0WTAxARc3ATMBBgYjIic3FjMyNjcBMwH7IjcBIIz+Sz6NZ0IeCxU/QFsr/kKNAblWdAK2/Dt/XQphBz5RA64AAAEAmv6xBL8EjQALAEayCQwNERI5ALACL7AARViwBi8bsQYcPlmwAEVYsAovG7EKHD5ZsABFWLAELxuxBA4+WbEAAbAKK1gh2Bv0WbAI0LAJ0DAxJTMDIxEhETMRIREzBCqVCW38UXcCoXhm/ksBTwSN+9kEJwABAEMAAAOxBI0AEgBHsg4TFBESOQCwAEVYsAgvG7EIHD5ZsABFWLARLxuxERw+WbAARViwAC8bsQAOPlmyDQgAERI5sA0vsQQBsAorWCHYG/RZMDEhIxEGIyImJxEzERYWMzI2NxEzA7F4nqffzwN3ApGnWbA8eAH6Q77KAU7+tZuKKhsCKwAAAQCaAAAFfASNAAsAULIFDA0REjkAsABFWLACLxuxAhw+WbAARViwBi8bsQYcPlmwAEVYsAovG7EKHD5ZsABFWLAALxuxAA4+WbEEAbAKK1gh2Bv0WbAI0LAJ0DAxISERMxEhETMRIREzBXz7HncBvngBvncEjfvZBCf72QQnAAABAJr+sQYSBI0ADwBZsgsQERESOQCwAi+wAEVYsAYvG7EGHD5ZsABFWLAKLxuxChw+WbAARViwDi8bsQ4cPlmwAEVYsAQvG7EEDj5ZsQABsAorWCHYG/RZsAjQsAnQsAzQsA3QMDElMwMjESERMxEhETMRIREzBX2VCW76/3cBvngBvnhm/ksBTwSN+9kEJ/vZBCcAAgAEAAAEwASNAAsAFABhsgUVFhESObAFELAT0ACwAEVYsAQvG7EEHD5ZsABFWLAALxuxAA4+WbAEELECAbAKK1gh2Bv0WbIHBAAREjmwBy+wABCxDAGwCitYIdgb9FmwBxCxEgGwCitYIdgb9FkwMSEhESE1IREhFhYQBicyNjU0JichEQMv/j/+lgHiAUm71tbCiZeQhP6yBCZn/jACu/7AvmSHdW2FA/4P//8AmgAABPUEjQAmAggAAAAHAeMDzAAAAAIAmgAAA+wEjQAKABMAUrIIFBUREjmwCBCwC9AAsABFWLAFLxuxBRw+WbAARViwAy8bsQMOPlmyCAUDERI5sAgvsAMQsQsBsAorWCHYG/RZsAgQsREBsAorWCHYG/RZMDEBFAYHIREzESEyFgEyNjU0JichEQPs1rz+QHcBP8PZ/meImZCF/rIBYKC+AgSN/jC8/mWGdm2FA/4PAAEAX//wBAsEnQAfAImyAyAhERI5ALAARViwFC8bsRQcPlmwAEVYsBwvG7EcDj5ZsgAcFBESObEDAbAKK1gh2Bv0WbIJFBwREjmwCS+0TwlfCQJxsl8JAV20jwmfCQJdtB8JLwkCXbSPCZ8JAnGyzwkBcbEGAbAKK1gh2Bv0WbAUELENAbAKK1gh2Bv0WbIQFBwREjkwMRMWFjMyNjUhNSE1NCYjIgYHIzY2MzIAFxUUBgYjIiYn1hOloae9/gEB/8Kon6ISdxLvydoBBAR0243M8hIBb4+L5tpmD8jkk4i0zv7j6pSe8ITLtAAAAgCa//AF3gSdABMAIQCesgQiIxESObAEELAY0ACwAEVYsAsvG7ELHD5ZsABFWLAQLxuxEBw+WbAARViwCC8bsQgOPlmwAEVYsAMvG7EDDj5ZsgwICxESObAML7JfDAFdtE8MXwwCcbSPDJ8MAnG0jwyfDAJdtB8MLwwCXbLPDAFxsQcBsAorWCHYG/RZsBAQsRcBsAorWCHYG/RZsAMQsR4BsAorWCHYG/RZMDEBFAAjIgARIxEjETMRMzQAMzIAFwc0JiMiBhUVFBYzMjY1Bd7+9uDe/vH2d3f2AQ7d2QENBnbJravJyqyuxgIM9v7aAScBAP3pBI398PcBKf7l7xLM5+fSb8vq6NEAAAIAUAAAA9MEjQANABYAY7IHFxgREjmwBxCwFNAAsABFWLAHLxuxBxw+WbAARViwAC8bsQAOPlmwAEVYsAkvG7EJDj5ZshEHABESObARL7ELAbAKK1gh2Bv0WbIBCwcREjmwBxCxEwGwCitYIdgb9FkwMTMBJiY1NDYzIREjESEBExQWMyERISIGUAEndn/RxQG7eP6G/vAqi5EBRP69kI0CGBubdqCp+3MB/P4EA0FybQHEcQAAAQAPAAAD6QSNAA0AUrIADg8REjkAsABFWLAILxuxCBw+WbAARViwAi8bsQIOPlmyDQgCERI5sA0vsQABsAorWCHYG/RZsATQsA0QsAbQsAgQsQoBsAorWCHYG/RZMDEBIxEjESM1MxEhFSERMwJz9nj29gLk/ZT2Ahb96gIWZgIRZ/5WAAABACX+sQYSBI0AGQC0sggaGxESOQCwAy+wAEVYsBAvG7EQHD5ZsABFWLAULxuxFBw+WbAARViwGC8bsRgcPlmwAEVYsAUvG7EFDj5ZsABFWLAJLxuxCQ4+WbAARViwDS8bsQ0OPlmyFxAFERI5sBcvsl8XAV20TxdfFwJxtB8XLxcCXbSPF58XAnGxBwGwCitYIdgb9FmyAAcXERI5sAUQsQEBsAorWCHYG/RZsAcQsAvQsg8XBxESObAXELAS0DAxAQEzESMRIwEjESMRIwEjAQEzATMRMxEzATMELwF4a25L/mx9eH3+bJoBw/5ulQFqe3h8AWuTAlT+Ef5MAU8CGf3nAhn95wJPAj798wIN/fMCDQABAKD+sQQrBI0AEACHsgAREhESOQCwAy+wAEVYsAsvG7ELHD5ZsABFWLAPLxuxDxw+WbAARViwBS8bsQUOPlmwAEVYsAkvG7EJDj5Zsg4LBRESObAOL7JfDgFdtE8OXw4CcbQfDi8OAl20jw6fDgJxsQcBsAorWCHYG/RZsgAHDhESObAFELEBAbAKK1gh2Bv0WTAxAQEzESMRIwEjESMRMxEzATMCBQG6bG8//iaMd3eLAbiTAlL+E/5MAU8CGf3nBI398wINAAEAoAAABIcEjQAUAHWyCBUWERI5ALAARViwBi8bsQYcPlmwAEVYsBMvG7ETHD5ZsABFWLAJLxuxCQ4+WbAARViwES8bsREOPlmyBQYJERI5sAUvsl8FAV20HwUvBQJdsp8FAXGwANCwBRCxCwGwCitYIdgb9FmyCAsFERI5sA/QMDEBMzUzFTMBMwEBIwEjFSM1IxEjETMBF1VmPQG3lP4YAhWd/iY+ZlV3dwKA8/MCDf3G/a0CGebm/ecEjQABABEAAAT2BI0ADgCEsgAPEBESOQCwAEVYsAYvG7EGHD5ZsABFWLAKLxuxChw+WbAARViwAi8bsQIOPlmwAEVYsA0vG7ENDj5ZsgkGAhESObAJL7JfCQFdtE8JXwkCcbQfCS8JAl20jwmfCQJxsQABsAorWCHYG/RZsAYQsQQBsAorWCHYG/RZsgwACRESOTAxASMRIxEhNSERMwEzAQEjAn+LeP6VAeOKAbiT/hgCFZ0CGf3nBCdm/fMCDf3F/a4AAAIAaf/rBUQEpQAkADIAf7IaMzQREjmwGhCwMdAAsABFWLAbLxuxGxw+WbAARViwBC8bsQQOPlmwANCwAC+yAgQbERI5sAIvsBsQsAvQsAsvsQwBsAorWCHYG/RZsAQQsRMBsAorWCHYG/RZsCTQsAIQsSgBsAorWCHYG/RZsBsQsS8BsAorWCHYG/RZMDEFIicGIyAAETU0EjMXIgYVFRASMzI3JBE1NBIzMhIVFRQCBxYzARQWFzY2NTU0JiMiBgcFRM+ggKX+6/7O+c0CnLXy3llG/u7EsrHKdG1uif1xio5wen+FeoICFDo7AU8BORX5ASRp7ckZ/v3+6ROqAXEt6AEH/v3vOqX++FYaAiao9kJC86Q9ucvDuAD//wAVAAAEDASNACYB0wAAAAcCJgBg/tkAAQAq/rEENwSNABAAXrIDERIREjkAsAcvsABFWLABLxuxARw+WbAARViwDy8bsQ8cPlmwAEVYsAkvG7EJDj5ZsABFWLAMLxuxDA4+WbIAAQkREjmwCRCxBAGwCitYIdgb9FmyCwEJERI5MDEBATMBATUzESMRIwEBIwEBMwIbAVaQ/mMBZG9vRv6a/pyOAav+YY8CqgHj/cH+FgH+TAFPAfD+EAJOAj8AAQAi/rEFwwSNAA8AXrIJEBEREjkAsAIvsABFWLAILxuxCBw+WbAARViwDi8bsQ4cPlmwAEVYsAQvG7EEDj5ZsQABsAorWCHYG/RZsAgQsQYBsAorWCHYG/RZsArQsAvQsAAQsAzQsA3QMDElMwMjESERITUhFSERIREzBS6VCW38Uf6EA33+dgKheGb+SwFPBCZnZ/xABCcAAAEAQwAAA7EEjQAXAFCyBBgZERI5ALAARViwCy8bsQscPlmwAEVYsBYvG7EWHD5ZsABFWLAALxuxAA4+WbIQCwAREjmwEC+xBwGwCitYIdgb9FmwBNCwEBCwE9AwMSEjEQYHFSM1JiYnETMRFhYXETMRNjcRMwOxeIeDZse7BHcCe5JmkXl4Afo5CNXUCL6+AVH+tpCMCQEG/vsONQIrAAABAJoAAAQIBI0AEQBHsgQSExESOQCwAEVYsAAvG7EAHD5ZsABFWLAILxuxCA4+WbAARViwEC8bsRAOPlmyBAAIERI5sAQvsQ0BsAorWCHYG/RZMDETMxE2MzIWFxEjESYmIyIHESOaeKCl388DdwKRp56neASN/gVEvsr+sgFLm4pG/dYAAAIAC//uBUMEnQAcACQAZ7IOJSYREjmwDhCwHtAAsABFWLAPLxuxDxw+WbAARViwAC8bsQAOPlmyCw8AERI5sAsvsQQBsAorWCHYG/RZsBPQsAAQsRgBsAorWCHYG/RZsA8QsR0BsAorWCHYG/RZsAsQsCDQMDEFIgA1NSYmNTMUFhc+AjMyABUVIRUUFjMyNxcGASIGByE1NCYDcPD+4qivaHZ5BH7iiewBCPyW18C+iCyQ/v2kzAYC8sYSARv3Kwi0nW1/B5nvhP7z9XAzwOBfXWwER+e9JrXJAAACAF7/7gQ/BJ0AFQAdAGGyCB4fERI5sAgQsBbQALAARViwAC8bsQAcPlmwAEVYsAgvG7EIDj5ZsgwACBESObAML7AAELERAbAKK1gh2Bv0WbAIELEWAbAKK1gh2Bv0WbAMELEZAbAKK1gh2Bv0WTAxATIAFRUUBgYjIgA1NSE1NCYjIgcnNgEyNjchFRQWAjjuARl8447r/vcDatfAvogskQECpM0E/Q/GBJ3+4fZ9nvWKAQv0cjLB4F9dbfu4570mtckAAQBO/+4DyQSNABoAb7IFGxwREjkAsABFWLACLxuxAhw+WbAARViwCy8bsQsOPlmwAhCxAAGwCitYIdgb9FmyBAACERI5sgUCCxESObAFL7IQCwIREjmwCxCxEwGwCitYIdgb9FmwBRCxGAGwCitYIdgb9FmwBRCwGtAwMQEhNSEXARYWFRQGIyImJjUzFhYzMjY1NCEjNQMD/XUDIQP+eszn+sl6y3N4ArKMnK/+sHIEJmdd/m8CtpikvVOXamqFhXntaAAAAwBp//AEPwSdAA4AFgAeAIqyAx8gERI5sAMQsBTQsAMQsBzQALAARViwCy8bsQscPlmwAEVYsAMvG7EDDj5ZshgLAxESObAYL7JfGAFdtE8YXxgCcbSPGJ8YAnG0jxifGAJdtB8YLxgCXbLPGAFxsQ8BsAorWCHYG/RZsAMQsRQBsAorWCHYG/RZsAsQsRwBsAorWCHYG/RZMDEBFAAjIgA1NTQ2NjMyABcHIRUUFjMyNgEhNTQmIyIGBD/+9uDf/vN44ZHZAQ0Gdv0Wyqyuxv0WAurJravJAgz2/toBKPluofaH/uXvfgnL6ugBPAbM5+cAAAEAKQAAA8gEnQAnAKWyJSgpERI5ALAARViwHi8bsR4cPlmwAEVYsAwvG7EMDj5ZsgYMHhESObAGL7IPBgFdsAHQsAEvQAkfAS8BPwFPAQRdsgABAV2xAwSwCitYIdgb9FmwBhCxBwSwCitYIdgb9FmwDBCxCwGwCitYIdgb9FmwDtCwBxCwE9CwBhCwFNCwAxCwF9CwARCwGtCyIh4MERI5sB4QsSQBsAorWCHYG/RZMDEBIRUhFxUhFSEGByEVITUzNjY3IzUzNScjNTMnJjYzMhYVIxAjIgYXAVoBoP5jBQGY/mcLRgK4/JgKMkQHvsEFvLkCCL+srbN46Hd6BgKlV3wJV7FbZmYPk2pXCXxXQ8vqxr0BG6ilAAEANf/uA3wEnQAjAK6yCiQlERI5ALAARViwFi8bsRYcPlmwAEVYsAkvG7EJDj5ZsiMWCRESObAjL7IPIwFdtE8jXyMCcbJ/IwFxtBAjICMCXbEABLAKK1gh2Bv0WbAJELEEAbAKK1gh2Bv0WbAAELAM0LAjELAO0LAjELAT0LATL0AJHxMvEz8TTxMEXbIAEwFdsRAEsAorWCHYG/RZsBYQsRsBsAorWCHYG/RZsBMQsB7QsBAQsCDQMDEBIRYWMzI3FwYjIiYnIzUzNSM1MzY2MzIXByYjIgYHIRUhFSEDBv5RDqKaYW0NcmnG6hKqp6epEOvGXYAKZm2coA0BsP5OAbIBp6KzIGYe5NVXhVfZ6h9nILanV4UAAAQAmgAAB3QEnwADABEAHwApAKuyISorERI5sCEQsAHQsCEQsATQsCEQsBLQALAARViwJi8bsSYcPlmwAEVYsCgvG7EoHD5ZsABFWLAHLxuxBxw+WbAARViwIy8bsSMOPlmwAEVYsCEvG7EhDj5ZsAcQsA7QsA4vsALQsAIvtAACEAICXbEBA7AKK1gh2Bv0WbAOELEVA7AKK1gh2Bv0WbAHELEcA7AKK1gh2Bv0WbIiIyYREjmyJyEoERI5MDElITUhATQ2MzIWFRUUBiMiJjUXFBYzMjY1NTQmIyIGFQEjAREjETMBETMHSv3hAh/9o7KRkrKzj5G0bXJmYXVzZWNz/ux3/UJ3dwK+d/1iAfGWubedPJm1tp4Gb4B+dT1tgYFw/LMD0fwvBI38LwPRAAACACgAAAQ+BI0AFgAfAIOyACAhERI5sBjQALAARViwDC8bsQwcPlmwAEVYsAIvG7ECDj5ZshYMAhESObAWL7EAAbAKK1gh2Bv0WbAE0LAWELAG0LAWELAL0LALL0ANDwsfCy8LPwtPC18LBl2xCAGwCitYIdgb9FmwE9CwCxCwF9CwDBCxHgGwCitYIdgb9FkwMSUhFSM1IzUzNSM1MxEhMhYVFAYHIRUhJSEyNjU0JichAov+2XjExMTEAbq83Ni2/rQBJ/7ZAUKGmpOC/rPo6OhmZmYCc8mko8YDZsyQdHWRAwABAEf/9QKLAyAAJgBysiAnKBESOQCwAEVYsA4vG7EOGD5ZsABFWLAZLxuxGQ4+WbIBDhkREjl8sAEvGLAOELEHArAKK1gh2Bv0WbIKDhkREjmwARCxJQKwCitYIdgb9FmyFCUBERI5sh0ZDhESObAZELEgArAKK1gh2Bv0WTAxATM2NjU0JiMiBhUjNDYzMhYVFAYHFhUUBiMiJjUzFBYzMjY1NCMjAQtWUV9WUUxgaZ13gJJMRqKegoGjamlUV13OSQG6Akg8PkpKOmB8eGY4Xhgqk2Z8f2c+UUxCjgACADsAAAK2AxUACgAOAFMAsABFWLAJLxuxCRg+WbAARViwBC8bsQQOPlmyAQkEERI5sAEvtg8BHwEvAQNdsQICsAorWCHYG/RZsAbQsAEQsAvQsggLBhESObINCQQREjkwMQEzFSMVIzUhJwEzASERBwI3f39p/nEEAY1v/nYBIR8BE1i7u0ICGP3+AYAyAAABAGz/9QKYAxUAHABwshkdHhESOQCwAEVYsAIvG7ECGD5ZsABFWLANLxuxDQ4+WbACELEDArAKK1gh2Bv0WbIHAg0REjmwBy+yBQcNERI5shENBxESObANELEUArAKK1gh2Bv0WbAHELEZArAKK1gh2Bv0WbIcGQ0REjkwMRMTIRUhBzYzMhYVFAYjIiYnMxYWMzI1NCYjIgcHgDEBzv6JHkJefJKRh3OaB2gHYEWvYFpTMhwBjQGIW+QmiXV6j3tkRUOzTV4gEwAAAgBg//UClwMdABIAHwBeshMgIRESObATELAL0ACwAEVYsAAvG7EAGD5ZsABFWLALLxuxCw4+WbAAELEBArAKK1gh2Bv0WbIFAAsREjmwBS+xEwKwCitYIdgb9FmwCxCxGgKwCitYIdgb9FkwMQEVIAM2MzIWFRQGIyImNTU0NjcDIgYHFRQWMzI2NTQmAh/+wxhLg3SLlnyFoN3HhjlpE2dTS2BeAx1Z/upbj3d0mqSKQNLlA/6VOy8wXm5nT1FfAAABAD4AAAKTAxUABgAzALAARViwBS8bsQUYPlmwAEVYsAIvG7ECDj5ZsAUQsQQCsAorWCHYG/RZsgAEBRESOTAxAQEjASE1IQKT/pFvAW7+GwJVAtj9KAK8WQADAE//9QKTAyAAFwAhAC0AdLIJLi8REjmwCRCwGtCwCRCwJdAAsABFWLAVLxuxFRg+WbAARViwCS8bsQkOPlmyKwkVERI5fLArLxixGwKwCitYIdgb9FmyAysbERI5sg8bKxESObAJELEfArAKK1gh2Bv0WbAVELElArAKK1gh2Bv0WTAxARQGBxYWFRQGIyImNTQ2NyYmNTQ2MzIWAzQmIgYVFBYyNgM0JiMiBhUUFjMyNgJ9SD1GVZ6DhZ5URz1IkXp7klRoomZnpGUVXEhLVlpJSlgCRj1cGBpjRGd4eGdEZBkZWz1kdnf+MD9PTkBESUwBqjpMSzs8R0oAAAIAS//5AoADIAATAB8AarIIICEREjmwCBCwG9AAsABFWLAILxuxCBg+WbAARViwDy8bsQ8OPlmyAg8IERI5sAIvtg8CHwIvAgNdsA8QsRECsAorWCHYG/RZsAIQsRQCsAorWCHYG/RZsAgQsRsCsAorWCHYG/RZMDEBBiMiJjU0NjMyFhcVFAYHIzczJAMyNjc1NCYjIgYUFgIWR4F1jp96h5MC08sVARMBKKZAXxViUU1hXwFYWZN2eKCmkkbS1gFWAgECPTAzampvoGUAAQB9Aq4C4QMUAAMAEgCwAi+xAQGwCitYIdgb9FkwMQEhNSEC4f2cAmQCrmYAAAMAsARrAk4GigADAA8AGgBkALANL7AH0LAHL7RvB38HAl2wAtCwAi9AFw8CHwIvAj8CTwJfAm8CfwKPAp8CrwILXbAA0LAAL0ARDwAfAC8APwBPAF8AbwB/AAhdsAIQsAPQGbADLxiwDRCwE9CwBxCwGdAwMQEzByMHNDYzMhYVFAYjIiY3FBYzMjY1NCYiBgHHh8paellCQVdYQEFaRDIlIzIyRjQGirvOP1taQD9XWD4iNDElJzM0AAEAmgAAA6oEjQALAFgAsABFWLAGLxuxBhw+WbAARViwBC8bsQQOPlmyCwYEERI5sAsvtB8LLwsCXbEAAbAKK1gh2Bv0WbAEELECAbAKK1gh2Bv0WbAGELEIAbAKK1gh2Bv0WTAxASERIRUhESEVIREhA1L9vwKZ/PADDP1rAkECKf48ZQSNZ/5pAAMAPP5KA/IETgAqADgARgCgsghHSBESObAIELAx0LAIELA80ACwAEVYsCcvG7EnGj5ZsABFWLAWLxuxFhA+WbAnELAq0LAqL7EAAbAKK1gh2Bv0WbIIFicREjmwCC+yDwgWERI5sA8vsTcBsAorWCHYG/RZshw3DxESObIgCCcREjmwFhCxMQGwCitYIdgb9FmwCBCxPAGwCitYIdgb9FmwJxCxQwGwCitYIdgb9FkwMQEjFhUVFAYGIyInBhUUMzMyFhUUBgYjIiY1NDY3JjU0NyYmNTU0NjMyFyEBBgYVFBYzMjY2NTQhIwMUFjMyNjU1NCYjIgYVA/KrXGi7cUxESYGxv8qF7JLG7GtjQmZVYeavTEQBU/2CVWqmlW+1aP7pzaeneXemon17owPXXowSW51bFDhJYZeJVJ5enX1Yki4uVm1RLZZaFpnEFPweGIBKWmxBbzq7AoZhjYxoEGeQj24AAgBv/+sENAROABIAHwBtsh0gIRESObAdELAC0ACwAEVYsAovG7EKGj5ZsABFWLAOLxuxDho+WbAARViwES8bsREOPlmwAEVYsAMvG7EDDj5ZsgAKERESObINChEREjmxFgGwCitYIdgb9FmwChCxHQGwCitYIdgb9FkwMQEGBiMiAicnEBIzMhYXEzMDEyMBFBYzMjY3NSYmIyIGA40yxom13QoB4L+IwTMtdmFodv0ppJd5qCAgqHeVqAE2o6gBBeU/AQkBMamkATn94v3kAf/M49vDT83e+AACALoAAATKBa8AFwAgAGOyHyEiERI5sB8QsATQALAARViwAy8bsQMePlmwAEVYsAEvG7EBDj5ZsABFWLAQLxuxEA4+WbIYAQMREjmwGC+xAAGwCitYIdgb9FmyCgAYERI5sAMQsR8BsAorWCHYG/RZMDEBESMRITIWFRQGBxYTFRQXFSMmNTU0JiMlITI2NTQmIyEBNXsB7+n7inv4BUV9Q6yZ/nABZbjAr7v+jQKQ/XAFr8zGdrUrOv7xkpNBGEO3c4yXaJaPjJ0AAQC9AAAE9AWwAAwAXgCwAEVYsAQvG7EEHj5ZsABFWLAILxuxCB4+WbAARViwAi8bsQIOPlmwAEVYsAsvG7ELDj5ZsgYCBBESObAGL7JfBgFdsi8GAV2xAQGwCitYIdgb9FmyCgEGERI5MDEBIxEjETMRMwEzAQEjAgDIe3vCAjOb/aoCgpkCq/1VBbD9ZAKc/TT9HAAAAQCfAAAD5gYAAAwAVACwAEVYsAQvG7EEID5ZsABFWLAILxuxCBo+WbAARViwAi8bsQIOPlmwAEVYsAsvG7ELDj5ZsgcIAhESObAHL7EAAbAKK1gh2Bv0WbIKAAcREjkwMQEjESMRMxEzATMBASMBoYp4eH4BlJH+SgHikAIP/fEGAPx2AcT+Ev20AAABAL0AAAS6BbAACwBMALAARViwAy8bsQMePlmwAEVYsAcvG7EHHj5ZsABFWLABLxuxAQ4+WbAARViwCi8bsQoOPlmyAAMBERI5sgUDARESObIJAAUREjkwMQERIxEzETMBMwEBIwE4e3sMAqqh/TQC958Cxf07BbD9WQKn/TT9HAAAAQCfAAADrQYYAAwATACwAEVYsAQvG7EEID5ZsABFWLAILxuxCBo+WbAARViwAi8bsQIOPlmwAEVYsAsvG7ELDj5ZsgAIAhESObIGCAIREjmyCgYAERI5MDEBIxEjETMRMwEzAQEjASgReHgKAc2c/gUCHpYCBP38Bhj8UwHP/gL9xAAAAgCaAAAEFQSNAAsAFQBIsgsWFxESObALELAV0ACwAEVYsAEvG7EBHD5ZsABFWLAALxuxAA4+WbABELEMAbAKK1gh2Bv0WbAAELENAbAKK1gh2Bv0WTAxMxEhMhYWFxUUBgYHAxEzMjY1NTQmI5oBYpr0iQKF9Z3t5MLn4sMEjYTxl22b8YYCBCb8P+rLX8PqAAABAG3/8AQZBJ0AHABQsgMdHhESOQCwAEVYsAsvG7ELHD5ZsABFWLADLxuxAw4+WbIPCwMREjmwCxCxEgGwCitYIdgb9FmwAxCxGQGwCitYIdgb9FmyHAMLERI5MDEBBgYjIgA1NTQ2NjMyFhcjJiYjIgYVFRQWMzI2NwQZFfPJ1P75d9qQyO4VeBKin6jCv6WhpRMBb7nGAR77gJ7zg8m5iJPkzITH5oyOAAMAmgAAA9wEjQAOABcAHwB+shkgIRESObAZELAC0LAZELAR0ACwAEVYsAEvG7EBHD5ZsABFWLAALxuxAA4+WbIYAQAREjmwGC+yXxgBXbQfGC8YAl20TxhfGAJxsQ8BsAorWCHYG/RZsggPGBESObAAELEQAbAKK1gh2Bv0WbABELEeAbAKK1gh2Bv0WTAxMxEhMhYVFAYHFhYVFAYjAREhMjY1NCYnJSEyNjU0JSGaAXLO1mVeaoXZwf7PATWIlo9+/roBComU/uL+9wSNoZVYhR0Vm2acqwIn/j53a2d3AmBnZ8wFAAACABcAAAQ6BI0ABwAKAFMAsABFWLAELxuxBBw+WbAARViwAi8bsQIOPlmwAEVYsAYvG7EGDj5ZsgkEAhESObAJL0AJHwkvCT8JTwkEXbEAAbAKK1gh2Bv0WbIKBAIREjkwMQEhAyMBMwEjASEDA0T9y3x8AdpzAdZ7/XgB5PEBN/7JBI37cwGdAmEAAAEAlwS2AUYGKQAIAB2yCAkKERI5ALAARViwAC8bsQAgPlmwBNCwBC8wMRMXBgcVIzU0NvpMNgJ3NwYpMWJXiYI7hQAAAgCKBN8C0wZ3AAwAEAA9ALADL7EJBrAKK1gh2Bv0WbAH0LAHL7AM0LAML7AHELAQ0LAQL7AO0LAOL0ANDw4fDi8OPw5PDl8OBl0wMQEUBiMiJjUzFBYyNjUlMxcjAtOhg4ShZ2WyY/6LbYtOBbBfcnJfREhMQMfOAAAC/LcEtf7PBnsAFgAaAJcAsAMvsAjQsAgvQAkPCB8ILwg/CARdsAMQsAvQsAsvsAgQsQ8EsAorWCHYG/RZsAMQsRMEsAorWCHYG/RZsA8QsBbQsAgQsBnQsBkvQBU/GU8ZXxlvGX8ZjxmfGa8ZvxnPGQpdQA9PGV8Zbxl/GY8ZnxmvGQdxsBfQsBcvQAsPFx8XLxc/F08XBV2wGRCwGtAZsBovGDAxARQGIyIuAiMiBhUnNDYzMhYWMzI2NQMzByP+z11DIC9SIhUnN0JcRDByIhQnOIx2s1gFYUZbETYLMyoPRFxKCjgqAQnbAAIAXATTA8kGYQAGAAoAYACwAy+wBdCwBS+wANCwAC9ACQ8AHwAvAD8ABF2wAxCwAtAZsAIvGLIEAwAREjmwBtAZsAYvGLADELAJ0LAJL7AH0LAHL0ALDwcfBy8HPwdPBwVdsAkQsArQGbAKLxgwMQEzBSMnByMBMwcjAWp0AQ2Mu7uNAuSJtmYFxfKtrQGO5wAAAv+RBMoC/AZYAAYACgBgALADL7AE0BmwBC8YsADQGbAALxiwAxCwAdCwAS+wBtCwBi9ACQ8GHwYvBj8GBF2yAgMGERI5sAMQsAjQsAgvsAfQGbAHLxiwCBCwCtCwCi9ACw8KHwovCj8KTwoFXTAxASMnByMlMwUjJzMC/I27u4wBDXT+vWW1hwTKra3yS+cAAgBtBOQDtQaxAAYAFABiALADL7AE0BmwBC8YsADQGbAALxiwAxCwAdCwAS+wBtCwBi9ACQ8GHwYvBj8GBF2yAgYBERI5sgcBBhESObAHL7AN0LANL7IIBw0REjmxDgawCitYIdgb9FmyEwgHERI5MDEBIycHIyUzFyc2NjU0IzcyFhUUBxUC/H/JyH8BBIbZAUs+pAV0iJUE5Lq68nRwBR0mTUpRQ3gPNAACAG0E5AL8BrAABgAcAIoAsAEvsAPQsAMvsATQGbAELxiwANAZsAAvGLADELAG0LAGL0ALDwYfBi8GPwZPBgVdsgIGAxESObAK0LAKL0ALPwpPCl8Kbwp/CgVdsA/QsA8vtg8PHw8vDwNdsAoQsBLQsBIvsA8QsRYGsAorWCHYG/RZsAoQsRkGsAorWCHYG/RZsBYQsBzQMDEBIycHIyUzNxQGIyIuAiMiBhUnNDYzMhYzMjY1Avx/ych/ARhf1FQ9IC9KIhYhL0BXOTF4KCIvBOSsrOnRPFgTOA03Jw1BXlgvJgABAJoAAAN+BcQABwAzsgMICRESOQCwAEVYsAYvG7EGHD5ZsABFWLAELxuxBA4+WbAGELEDAbAKK1gh2Bv0WTAxATMRIREjESEDBnj9k3cCbAXE/mL72gSNAAACAIoE3wLTBncADAAQAD0AsAMvsQkGsAorWCHYG/RZsAfQsAcvsAzQsAwvsAcQsA/QsA8vsA3QsA0vQA0PDR8NLw0/DU8NXw0GXTAxARQGIyImNTMUFjI2NSczByMC06GDhKFnZbJjbm2qTwWwX3JyX0RITEDHzgACAIoE4gLABvQACwAbAEcAsAMvsQgGsAorWCHYG/RZsAbQsAYvsAvQsAsvsAYQsAzQsAwvsBPQsBMvsg0MExESObEUBrAKK1gh2Bv0WbIaDQwREjkwMQEUBiAmNTMUFjI2NQcnNjY1NCYjNzIWFRQGBxUCwJn+/JljYa5f3AFVTGdaB4WWV1MFsFxyclxCR0lAAWsFISklKT1MQTZEBzf//wBXAo0CigW4AQcBxwAAApgAEwCwAEVYsAovG7EKHj5ZsBHQMDEA//8AOwKYArYFrQEHAiAAAAKYABMAsABFWLAJLxuxCR4+WbAN0DAxAP//AGwCjQKYBa0BBwIhAAACmAAQALAARViwAS8bsQEePlkwMf//AGACjQKXBbUBBwIiAAACmAATALAARViwAC8bsQAePlmwE9AwMQD//wA+ApgCkwWtAQcCIwAAApgAEACwAEVYsAUvG7EFHj5ZMDH//wBPAo0CkwW4AQcCJAAAApgAGQCwAEVYsBUvG7EVHj5ZsBvQsBUQsCXQMDEA//8ASwKRAoAFuAEHAiUAAAKYABMAsABFWLAILxuxCB4+WbAb0DAxAAABAID/6wT4BcUAHwBQsgwgIRESOQCwAEVYsAwvG7EMHj5ZsABFWLADLxuxAw4+WbIQDAMREjmwDBCxEwGwCitYIdgb9FmwAxCxHAGwCitYIdgb9FmyHwMMERI5MDEBBgQjIiQCNTU0EiQzMgQXIyYmIyIGAhUVFBIWMzI2NwT4G/7l463+652ZARSt4wEgG3sc1bKL2np73ouxzx4BxuL5tQFMzTzOAUy2/OG3vZn+5bE9rv7lnrLBAAABAID/6wT/BcQAJQBfsg4mJxESOQCwAEVYsA4vG7EOHj5ZsABFWLAFLxuxBQ4+WbISBQ4REjmwDhCxFQGwCitYIdgb9FmwBRCxHgGwCitYIdgb9FmyJQ4FERI5sCUvsSIBsAorWCHYG/RZMDElBwYHBiMiJAInNTQSJDMyBBcjJiYjIgYCFRUUEhYzMjY3ESE1IQT/CUB6i6m5/telAZgBFK7rARwdex7asYrbeoTyl4LSKP56AgGtDFAwNrwBT9An0QFNueLMo6Kd/uOyIrX+3qNLNQF4aAACAL0AAAT2BbAACwAXAEiyDxgZERI5sA8QsAPQALAARViwAS8bsQEePlmwAEVYsAAvG7EADj5ZsAEQsQwBsAorWCHYG/RZsAAQsQ0BsAorWCHYG/RZMDEzESEyBBIXFRQCBAcBESEyNhI3NTQCJie9AZi+ATSuAar+y8L+4wEUof6NAor4nAWwsP6/yDnL/sGyAgVH+yGUAQ2rP60BEJUCAAACAID/6wUzBcUAEQAjAEiyBCQlERI5sAQQsBbQALAARViwDS8bsQ0ePlmwAEVYsAQvG7EEDj5ZsA0QsRYBsAorWCHYG/RZsAQQsR8BsAorWCHYG/RZMDEBFAIEIyIkAic1NBIkMzIEEhcHNAImIyIGAgcVFBIWMzI2EjcFM5r+66mn/uueAZwBFqeoARWcAXp63YmG23wBe92Ih9l8AgK+zf61u7oBSsg6zAFNu7n+tssErgEanpz+56o8rv7moJgBF60AAgCA/wkFMwXFABUAJgBIsggnKBESObAIELAa0ACwAEVYsBEvG7ERHj5ZsABFWLAILxuxCA4+WbARELEaAbAKK1gh2Bv0WbAIELEjAbAKK1gh2Bv0WTAxARQCBwUHJQYjIiQCJzU0EiQzMgQSFSc0AiYjIgYCBxUUEhYgNhI3BTOrlAEVVf7MVVCo/uyeAZ4BFKeoARWdenzbiYXZfgJ63gEQ2nsBAr7b/qxY4U36GLkBS8g0zQFSu7v+r80BsAEenpv+5qs7rv7noZoBGK8AAAEAoAAAAocEjQAGADMAsABFWLAFLxuxBRw+WbAARViwAC8bsQAOPlmyBAAFERI5sAQvsQMBsAorWCHYG/RZMDEhIxEFNSUzAod3/pAByB8D+KJtygAAAQCDAAAEIASgABgAW7IJGRoREjkAsABFWLARLxuxERw+WbAARViwAC8bsQAOPlmxFwGwCitYIdgb9FmyAhcAERI5sgMRABESObARELEJAbAKK1gh2Bv0WbIMABEREjmyFgARERI5MDEhITUBNjY1NCYjIgYVIzQ2NjMyFhUUBwEhBCD8iwIXU0+VhJa7d3jSfrzUx/5KAsJRAddKgVVxgayJcL9suJi0s/58AAEAD/6jA94EjQAZAFyyBRobERI5ALAML7AARViwAi8bsQIcPlmxAAGwCitYIdgb9FmyBAACERI5sgUCDBESObAFL7AMELERAbAKK1gh2Bv0WbAFELEXAbAKK1gh2Bv0WbIZBRcREjkwMQEhNSEVARYWFRQGBCMiJzcWMzI2NTQmJyM1Ayb9MgNg/l7P+Y3/AKbK0iKyutH41sxMBCZnWP5IDPTFovKBZ1ta48C2vAJBAAACAD7+tgSgBI0ACgAOAFMAsABFWLAJLxuxCRw+WbAARViwAi8bsQIOPlmwAEVYsAYvG7EGDj5ZsQABsAorWCHYG/RZsAYQsAXQsAUvsAAQsAzQsggGDBESObINCQIREjkwMSUzFSMRIxEhNQEzASERBwPbxcV4/NsDE4r8+AKQLmRl/rcBSUcER/vXA5tPAAABAGX+oAP8BIwAHgBjshofIBESOQCwDy+wAEVYsAEvG7EBHD5ZsQMBsAorWCHYG/RZsgUBDxESObIHAQ8REjmwBy+yEgEPERI5sA8QsRQBsAorWCHYG/RZsAcQsRoBsAorWCHYG/RZsh4BDxESOTAxExMhFSEDNjcyFhYVFAYGIyInNxYzMjY1NCYjIgYHB49dAwP9XEFv04HFaoHsm+CvKovaseC5mmmEKygBngLucP4QaQJ13I+b9oZyW2fzvKXQMDY3AAABAEr+tgPyBI0ABgAmALABL7AARViwBS8bsQUcPlmxAwGwCitYIdgb9FmyAAMFERI5MDEBASMBITUhA/L9mXwCZPzXA6gEPvp4BXFmAAACAJUE0ALCBq0ADQAkAFwAsAMvsQoKsAorWCHYG/RZsAfQsAcvsA3QsAcQsBHQsBEvsBbQsBYvsj8WAV2wERCwGdCwGS+wFhCxHQqwCitYIdgb9FmwERCxIQawCitYIdgb9FmwHRCwJNAwMQEUBiMiJjUzFBYzMjY1NxQGIyIuAiMiBhUnNDYzMhYWMzI2NQLCl3+Al2ZcVVNcY19CIC9SIhUnN0JcRDByIhQnOAWlXnd3XkNLS0P3R1oRNgszKg9EXEoKNysAAAEAjv6dAQYAewADABIAsAQvsALQsAIvsAHQsAEvMDEBIxEzAQZ4eP6dAd4AAgBp//AGcQSdABQAHgCqshYfIBESObAWELAL0ACwAEVYsAsvG7ELHD5ZsABFWLAKLxuxChw+WbAARViwAi8bsQIOPlmwAEVYsAAvG7EADj5ZsAsQsQ0BsAorWCHYG/RZshALABESObAQL7QcECwQAl2ySRABXbK5EAFdsREBsAorWCHYG/RZsAAQsRMBsAorWCHYG/RZsBTQsAIQsRUBsAorWCHYG/RZsAoQsRgBsAorWCHYG/RZMDEhIQUiADU1NDY2MwUhFSERIRUhESEFJRElIgYVFRQWBnH9RP6g3/7zeOGRAVMCx/1rAkH9vwKZ++QBDP7yq8nKEAEo+W6h9ocQZ/5pZv48DgsDxgzn0m/L6gAAAgBw/qYEEAShABoAJwBUsiIoKRESObAiELAO0ACwFi+wAEVYsA4vG7EOHD5ZsBYQsQABsAorWCHYG/RZsgYWDhESObAGL7EbAbAKK1gh2Bv0WbAOELEiAbAKK1gh2Bv0WTAxBTISEwYGIyImJjU0NjYzMhITERQCBCMiJzcWEzI2NzU0JiMiBhUUFgHWyfUEPLxxgs1wcdB/5fkCiv7+pZOAG3vRgMAlu6iPurn0AToBDlFYgeSLk+yH/tz+8/7w0v7ErD9gOQIEhW9s5ebqtqfkAAAB/43+SwErAIcADAAmsgoNDhESOQCwAC+wAEVYsAQvG7EEED5ZsQkBsAorWCHYG/RZMDElFQYGIyInNxYzMjU1ASsCn405Nw0oO7eH6KWvE2cP/NUA//8APP6jBAsEjQAGAkwtAP//AG7+oAQFBIwABgJOCQD//wAc/rYEfgSNAAYCTd4A//8AcwAABBAEoAAGAkvwAP//AGz+tgQUBI0ABgJPIgD//wA5/+sEOAShAAYCZbwA//8AfP/sBAIFuwAGABr6AP//AGP+pgQDBKEABgJT8wD//wBp/+wECAXEAAYAHP8A//8BEAAAAvcEjQAGAkpwAP///4z+SwEqBDoABgCcAAD///+M/ksBKgQ6AAYAnAAA//8AqAAAASAEOgIGAI0AAP////r+bQEzBDoCJgCNAAAABgCkvgr//wCoAAABIAQ6AgYAjQAAAAEAmv/sA+sEnQAhAHWyDCIjERI5ALAARViwFS8bsRUcPlmwAEVYsBAvG7EQDj5ZsABFWLAfLxuxHw4+WbECAbAKK1gh2Bv0WbIZFRAREjmwGS+0HBksGQJdslwZAV2xBwKwCitYIdgb9FmyCRkHERI5sBUQsQwBsAorWCHYG/RZMDElFjMyNjU0JSM1ASYjIgYHESMRNDYzMhYXARYWFRQGIyInAaFYZYGU/tFcARZZkIKCAXa8v226Vf7VvsfVuHxohTSLfdsGXgE6Z5un/QkC8dnTWmH+tQimj6zCNQAAAgB9/+sEfAShABEAHgBIsg0fIBESObANELAV0ACwAEVYsA0vG7ENHD5ZsABFWLAELxuxBA4+WbANELEVAbAKK1gh2Bv0WbAEELEbAbAKK1gh2Bv0WTAxARQCBiMiJgI1NTQSNjMyFhIXBzQmIyIGFRUUEiASNQR8f+mWleuBf+mXleiAA3jXsa/Z1wFm0wIysv74jY0BCLApsQEIj4r+/6sE2Pz73D7U/v4BANcAAQA4AAADtwWwAAYAMwCwAEVYsAUvG7EFHj5ZsABFWLABLxuxAQ4+WbAFELEDAbAKK1gh2Bv0WbIAAwUREjkwMQEBIwEhNSEDt/2neQJV/P4DfwVr+pUFSmYAAgCb/+wEFwYAABAAHQBmshQeHxESObAUELAN0ACwCS+wAEVYsA0vG7ENGj5ZsABFWLAHLxuxBw4+WbAARViwBC8bsQQOPlmyBg0HERI5sgsNBxESObANELEUAbAKK1gh2Bv0WbAEELEbAbAKK1gh2Bv0WTAxARQGBiMiJwcjETMRNjMyEhEnNCYjIgYHERYWMzI2BBdtxn7ldAxmd3Lgxu14tptzoCkto26YtwISn/6JrJgGAP2dsf7U/v8GzPNxbf4YZWj1AAABAGD/7APZBE4AHQBNshAeHxESOQCwAEVYsBAvG7EQGj5ZsABFWLAILxuxCA4+WbEAAbAKK1gh2Bv0WbIDEAgREjmyExAIERI5sBAQsRcBsAorWCHYG/RZMDElMjY3Mw4CIyIANTU0NjYzMhYXIyYmIyIGFRUUFgI5e6kJcwVyvWzX/v50142y5whzCKd/prq9UYtyY6NcASn8IZz4iNStf5zxziHM6wACAF//7APaBgAADwAbAGOyGBwdERI5sBgQsAPQALAGL7AARViwAy8bsQMaPlmwAEVYsAgvG7EIDj5ZsABFWLAMLxuxDA4+WbIFAwgREjmyCgMIERI5sRMBsAorWCHYG/RZsAMQsRgBsAorWCHYG/RZMDETNBIzMhcRMxEjJwYjIgI1FxQWMzI3ESYjIgYVX/LE23N3agl04MD0ebea3V1d25y3Aif4AS+tAl/6AJOnATX4B8r1xAH80/TRAAIAX/5RA9oETgAaACYAf7IjJygREjmwIxCwC9AAsABFWLADLxuxAxo+WbAARViwBi8bsQYaPlmwAEVYsAsvG7ELED5ZsABFWLAXLxuxFw4+WbIFAxcREjmwCxCxEQGwCitYIdgb9FmyFQMXERI5sBcQsR4BsAorWCHYG/RZsAMQsSMBsAorWCHYG/RZMDETNBIzMhc3MxEUBiMiJic3FjMyNjU1BiMiJiY3FBYzMjcRJiMiBhVf8sPicg1l6M9SvEMki6CdpHTcfshteLmZ3F1X4Ju5Aif6AS22ovv35PwuKVtNvbhioY36n8v0xwH21vPRAAACAFr/7AQoBE4AEQAhAEWyBCIjERI5sAQQsBbQALAARViwBC8bsQQaPlmwAEVYsA0vG7ENDj5ZsRYBsAorWCHYG/RZsAQQsR4BsAorWCHYG/RZMDETNDY2MzIWFhcVFAYGIyImJic3FBYWMzI2NTU0JiYjIgYVWnzfi4refgJ84IqL3X4Cd16pap/QX6lpn9ACLZr6jYn2lyyb+4qI9pcLes5z/MkXec9z/8cAAgCb/mAEFgROAA8AHABwshMdHhESObATELAM0ACwAEVYsAwvG7EMGj5ZsABFWLAJLxuxCRo+WbAARViwBi8bsQYQPlmwAEVYsAMvG7EDDj5ZsgUMAxESObIKDAMREjmwDBCxEwGwCitYIdgb9FmwAxCxGgGwCitYIdgb9FkwMQEUAiMiJxEjETMXNjMyEhcHNCYjIgYHERYWMzI2BBbwwN52d2QOdOK86wt3uZ1unioroG2augIS9v7QnP3YBdqdsf7v6S3J9mpl/fldYvYAAAIAX/5gA9oETgAQABwAbbIaHR4REjmwGhCwBNAAsABFWLAELxuxBBo+WbAARViwBy8bsQcaPlmwAEVYsAkvG7EJED5ZsABFWLANLxuxDQ4+WbIGBA0REjmyCwQNERI5sRQBsAorWCHYG/RZsAQQsRoBsAorWCHYG/RZMDETNDY2MzIXNzMRIxEGIyICNRcUFjMyNxEmJiMiBl9syoLccwtpeHbXxfF5uZrXYC2faZ24AiGl/IyqlvomAiaaAS/2BcnyuwISYWn8AAACAFr/7APVBE4AFgAdAGWyCR4fERI5sAkQsBzQALAARViwCS8bsQkaPlmwAEVYsAAvG7EADj5ZshgACRESObAYL7ENAbAKK1gh2Bv0WbAAELESAbAKK1gh2Bv0WbIUAAkREjmwCRCxHAGwCitYIdgb9FkwMQUiJiY1NTQ2NjMyFhUVIRUUFjMyNxcGASE1NCYgBgJRj+eBeNeAyOT8/Nyorn8rgf2oAoqp/ui3FIfzljiZ9I363WIYuPRvU4ECjx2WusoAAgBs/lED1AROABoAJgB/siQnKBESObAkELAL0ACwAEVYsAMvG7EDGj5ZsABFWLAGLxuxBho+WbAARViwCy8bsQsQPlmwAEVYsBcvG7EXDj5ZsgUDFxESObALELERAbAKK1gh2Bv0WbIVAxcREjmwFxCxHgGwCitYIdgb9FmwAxCxJAGwCitYIdgb9FkwMRMQEjMyFzczERQGIyImJzcWMzI2NTUGIyICNRcUFjMyNxEmJiMiBmzjv+BzDWbpz1GwPSSGkpylc9y943mml91cKp5vlqkCIQECASu1ofvv4vYoIl9Et7ZpoAEo/wfO68YB+Ght7wD//wBwAAACdAW1AAYAFb4AAAMAeP/uBIgEnQAdACcAMwB3shI0NRESObASELAf0LASELAw0ACwAEVYsA0vG7ENHD5ZsABFWLAALxuxAA4+WbAARViwGy8bsRsOPlmyFA0AERI5shwNABESObAAELEeAbAKK1gh2Bv0WbIhDQAREjmyKw0AERI5sA0QsTEBsAorWCHYG/RZMDEFIiY1NDY3NyYmNTQ2MzIWFRQHBwE2NTMUBxcjJwYnMjcBBwYGFRQWAxQWFzc2NTQmIyIGAfKq0FFmW2tDn4J/naNSAVlYcH/CjXmg57uC/phbRkCNKjpSWWtbTkpdEp+GU4dLQmt7QHGMjGiGdzz+oH6nzKPGe41mcQFuQjNgP1pxA0ctYlVATV4/VFgAAQAEAAADdQSNAA0AWgCwAEVYsAsvG7ELHD5ZsABFWLAELxuxBA4+WbINBAsREjmwDS+xAAKwCitYIdgb9FmwAdCwBBCxAwGwCitYIdgb9FmwARCwBtCwB9CwDRCwDNCwCdCwCNAwMQEFESEVIREHNTcRMxElAlH+wAJk/SWWlncBQAKLZv5AZQH/L1ovAjT98mYAAAIADgAABd8EjQAPABIAirIFExQREjmwBRCwEdAAsABFWLAKLxuxChw+WbAARViwBC8bsQQOPlmwAEVYsAgvG7EIDj5Zsg8KBBESOXywDy8YsQABsAorWCHYG/RZsAQQsQIBsAorWCHYG/RZshEKBBESObARL7EGAbAKK1gh2Bv0WbAKELEMAbAKK1gh2Bv0WbISCgQREjkwMQEhEyEVIQMhAyMBIRUhEyEFIQMFf/3yCAJm/SQG/k+6hAKwAwz9ngcCEPwHAXYLAiv+OWQBRP68BI1l/mjnAncAAgCaAAADkASNAAwAFQBZsgMWFxESObADELAV0ACwAEVYsAAvG7EAHD5ZsABFWLALLxuxCw4+WbICAAsREjmwAi+yDwALERI5sA8vsQkBsAorWCHYG/RZsAIQsQ0BsAorWCHYG/RZMDETMxUzFhYVFAYHIxUjExEzMjY1NCYjmnffwt7eydh3d9SVnaKPBI3XA7+hpLYB+ANP/g+Bc3WIAAMAaf++BD8EugAWAB8AKABqsgYpKhESObAGELAc0LAGELAl0ACwAEVYsBIvG7ESHD5ZsABFWLAGLxuxBg4+WbIZEgYREjmyGhIGERI5sBIQsRwBsAorWCHYG/RZsiISBhESObIjBhIREjmwBhCxJQGwCitYIdgb9FkwMQEWFRUUACMiJwcjNyYnNTQ2NjMyFzczARQXASYjIgYVJTQnARYzMjY1A7+A/vbgpHVXZnyNBXjhkbF8U2b8plwCCGCQq8kC6kz9+1qDrsYEA5P1b/b+2lGDuZD1g6H2h198/VLAdQMLUufSBrFv/PlD6NEAAAIAPwAABJ0EjQATABcAjbIDGBkREjmwAxCwFdAAsABFWLAMLxuxDBw+WbAARViwEC8bsRAcPlmwAEVYsAIvG7ECDj5ZsABFWLAGLxuxBg4+WbITDAIREjmwEy+yDxMBXbEAAbAKK1gh2Bv0WbIVDAIREjmwFS+xBAGwCitYIdgb9FmwABCwCNCwExCwCtCwExCwDtCwABCwFtAwMQEjESMRIREjESM1MzUzFSE1MxUzASE1IQSdXHf9R3dbW3cCuXdc/HQCuf1HA1v8pQIM/fQDW2XNzc3N/rLpAAABAJr+SwRGBI0AEwBbsgIUFRESOQCwAEVYsAwvG7EMHD5ZsABFWLAPLxuxDxw+WbAARViwAC8bsQAQPlmwAEVYsAovG7EKDj5ZsAAQsQUBsAorWCHYG/RZsgkMABESObIOCgwREjkwMQEiJzcWMzI1NQERIxEzAREzERQGAxc5Nw0oO7f9Q3d3Ar53oP5LE2cP/E8D0PwvBI38LwPR+xqqsv//ADECUAIQArUCBgARAAAAAgAhAAAE2wWwAA8AHQB4shAeHxESObAQELAG0ACwAEVYsAUvG7EFHj5ZsABFWLAALxuxAA4+WbIEBQAREjmwBC+yXwQBXbIvBAFdtE8EXwQCcbEBAbAKK1gh2Bv0WbAQ0LAAELESAbAKK1gh2Bv0WbAFELEaAbAKK1gh2Bv0WbAEELAc0DAxMxEjNTMRITIEEhUVFAIEIxMhESEyABE1NAAnIREh1rW1AZezARyfnv7huiH+zAEP6wEW/u7g/uIBNAKxZgKZo/7QwobD/tKkArH9twExAQSA+wEuAf3QAAACACEAAATbBbAADwAdAGsAsABFWLAFLxuxBR4+WbAARViwAC8bsQAOPlmyAwAFERI5sAMvsl8DAV2yLwMBXbRPA18DAnGxAgGwCitYIdgb9FmwEdCwABCxEgGwCitYIdgb9FmwBRCxGwGwCitYIdgb9FmwAxCwHNAwMTMRIzUzESEyBBIVFRQCBCMTIREhMgARNTQAJyERIda1tQGXswEcn57+4boh/swBD+sBFv7u4P7iATQCsWYCmaP+0MKGw/7SpAKx/bcBMQEEgPsBLgH90AABAAAAAAPqBgAAGwB2sgQcHRESOQCwGC+wAEVYsAUvG7EFGj5ZsABFWLAJLxuxCQ4+WbAARViwEi8bsRIOPlmyLxgBXbIPGAFdshsSGBESObAbL7EAAbAKK1gh2Bv0WbICBQkREjmwBRCxDgGwCitYIdgb9FmwABCwFNCwGxCwFtAwMQEhETY2MzIWFxEjESYmIyIGBxEjESM1MzUzFSECZP7NO7htrqoBdwF5hW+rKXe6uncBMwTp/pphasTE/ToCx5GOi3b9GwTpZrGxAAEANAAABJQFsAAPAE4AsABFWLAKLxuxCh4+WbAARViwAi8bsQIOPlmyDwoCERI5sA8vsQABsAorWCHYG/RZsATQsA8QsAbQsAoQsQgBsAorWCHYG/RZsAzQMDEBIxEjESM1MxEhNSEVIREzA5Hwe/n5/g4EYP4N8ANC/L4DQmYBn2lp/mEAAQAO/+wCcgVPAB0AgrISHh8REjkAsABFWLABLxuxARo+WbAARViwGy8bsRsaPlmwAEVYsBEvG7ERDj5ZsAEQsADQsAAvsAEQsQMBsAorWCHYG/RZsAEQsAbQsAYvsQcBsAorWCHYG/RZsBEQsQwBsAorWCHYG/RZsAcQsBXQsAYQsBfQsAMQsBnQsBrQMDEBETMVIxEhFSERFBYzMjcXBiMiJicRIzUzESM1MxEBVuDgARz+5EFMHkMFL1F5cALQ0MfHBU/+62L+92b+nlpYCmIRioYBbWYBCWIBFQD//wAeAAAE4Qc7AiYAJQAAAQcARAEWATsAEwCwAEVYsAQvG7EEHj5ZsAzcMDEA//8AHgAABOEHOwImACUAAAEHAHUBvwE7ABMAsABFWLAFLxuxBR4+WbAN3DAxAP//AB4AAAThBzECJgAlAAABBwCeAM4BOwATALAARViwBC8bsQQePlmwD9wwMQD//wAeAAAE4QcXAiYAJQAAAQcApQDMAUQAEwCwAEVYsAUvG7EFHj5ZsA7cMDEA//8AHgAABOEHAAImACUAAAAHAGoAzgE7//8AHgAABOEHcQImACUAAAEHAKMBTQFAABYAsABFWLAELxuxBB4+WbAU3LAZ0DAx//8AHgAABOEHiQImACUAAAAHAicBOQD///8Ag/5EBL8FxAImACcAAAAHAHkB4v/3//8AuAAABEIHQQImACkAAAEHAEQA/wFBABMAsABFWLAGLxuxBh4+WbAN3DAxAP//ALgAAARCB0ECJgApAAABBwB1AagBQQATALAARViwBi8bsQYePlmwDtwwMQD//wC4AAAEQgc3AiYAKQAAAQcAngC3AUEAEwCwAEVYsAYvG7EGHj5ZsBDcMDEA//8AuAAABEIHBgImACkAAAAHAGoAtwFB//8ADQAAAVwHQQImAC0AAAEHAET/pgFBABMAsABFWLACLxuxAh4+WbAF3DAxAP//AMoAAAIaB0ECJgAtAAABBwB1AE4BQQATALAARViwAy8bsQMePlmwBtwwMQD////+AAACKQc3AiYALQAAAQcAnv9eAUEAEwCwAEVYsAIvG7ECHj5ZsAjcMDEA////5wAAAkIHBgImAC0AAAAHAGr/XgFB//8AuAAABPQHFwImADIAAAEHAKUBIAFEABMAsABFWLAILxuxCB4+WbAN3DAxAP//AH3/7ATsB0cCJgAzAAABBwBEAUcBRwATALAARViwCy8bsQsePlmwH9wwMQD//wB9/+wE7AdHAiYAMwAAAQcAdQHwAUcAEwCwAEVYsAsvG7ELHj5ZsCDcMDEA//8Aff/sBOwHPQImADMAAAEHAJ4A/wFHABMAsABFWLALLxuxCx4+WbAi3DAxAP//AH3/7ATsByMCJgAzAAABBwClAP0BUAATALAARViwDC8bsQwePlmwIdwwMQD//wB9/+wE7AcMAiYAMwAAAAcAagD/AUf//wCi/+wEowc7AiYAOQAAAQcARAE+ATsAEwCwAEVYsAovG7EKHj5ZsBPcMDEA//8Aov/sBKMHOwImADkAAAEHAHUB5wE7ABMAsABFWLARLxuxER4+WbAU3DAxAP//AKL/7ASjBzECJgA5AAABBwCeAPYBOwATALAARViwCi8bsQoePlmwFtwwMQD//wCi/+wEowcAAiYAOQAAAAcAagD2ATv//wAYAAAErgc1AiYAPQAAAQcAdQGhATUAEwCwAEVYsAEvG7EBHj5ZsAvcMDEA//8AZP/sA8cGAAImAEUAAAEHAEQA1wAAABMAsABFWLAXLxuxFxo+WbAr3DAxAP//AGT/7APHBgACJgBFAAABBwB1AYAAAAATALAARViwFy8bsRcaPlmwLNwwMQD//wBk/+wDxwX2AiYARQAAAQcAngCPAAAAEwCwAEVYsBcvG7EXGj5ZsC7cMDEA//8AZP/sA8cF3AImAEUAAAEHAKUAjQAJABMAsABFWLAXLxuxFxo+WbAt3DAxAP//AGT/7APHBcUCJgBFAAAABwBqAI8AAP//AGT/7APHBjYCJgBFAAABBwCjAQ4ABQAWALAARViwFy8bsRcaPlmwM9ywONAwMf//AGT/7APHBk8CJgBFAAAABwInAPr/xf//AF7+RAPMBE4CJgBHAAAABwB5AVf/9///AFr/7APVBgACJgBJAAABBwBEAMoAAAATALAARViwCS8bsQkaPlmwIdwwMQD//wBa/+wD1QYAAiYASQAAAQcAdQFzAAAAEwCwAEVYsAkvG7EJGj5ZsCLcMDEA//8AWv/sA9UF9gImAEkAAAEHAJ4AggAAABMAsABFWLAJLxuxCRo+WbAk3DAxAP//AFr/7APVBcUCJgBJAAAABwBqAIIAAP///+IAAAExBfQCJgCNAAABBwBE/3v/9AAJALACL7AF3DAxAP//AJ8AAAHvBfQCJgCNAAABBgB1I/QACQCwAy+wBtwwMQD////TAAAB/gXqAiYAjQAAAQcAnv8z//QAEwCwAEVYsAIvG7ECGj5ZsAjcMDEA////vAAAAhcFuQImAI0AAAAHAGr/M//0//8AnAAAA8wF2wImAFIAAAEHAKUAiQAIABMAsABFWLAELxuxBBo+WbAX3DAxAP//AFr/7AQgBgACJgBTAAABBwBEAM8AAAATALAARViwBC8bsQQaPlmwINwwMQD//wBa/+wEIAYAAiYAUwAAAQcAdQF4AAAAEwCwAEVYsAQvG7EEGj5ZsCHcMDEA//8AWv/sBCAF9gImAFMAAAEHAJ4AhwAAABMAsABFWLAELxuxBBo+WbAj3DAxAP//AFr/7AQgBdsCJgBTAAABBwClAIUACAATALAARViwBC8bsQQaPlmwItwwMQD//wBa/+wEIAXFAiYAUwAAAAcAagCHAAD//wCY/+wDygYAAiYAWQAAAQcARADRAAAAEwCwAEVYsAcvG7EHGj5ZsBLcMDEA//8AmP/sA8oGAAImAFkAAAEHAHUBegAAABMAsABFWLANLxuxDRo+WbAT3DAxAP//AJj/7APKBfYCJgBZAAABBwCeAIkAAAATALAARViwBy8bsQcaPlmwFdwwMQD//wCY/+wDygXFAiYAWQAAAAcAagCJAAD//wAg/ksDsAYAAiYAXQAAAQcAdQE+AAAAEwCwAEVYsAEvG7EBGj5ZsBPcMDEA//8AIP5LA7AFxQImAF0AAAAGAGpNAP//AB4AAAThBuQCJgAlAAABBwBwAMcBRAATALAARViwBC8bsQQePlmwDNwwMQD//wBk/+wDxwWpAiYARQAAAQcAcACIAAkACQCwFy+wKtwwMQD//wAeAAAE4QcQAiYAJQAAAQcAoQDXAT4ACQCwBC+wDtwwMQD//wBk/+wDxwXVAiYARQAAAQcAoQCYAAMACQCwFy+wLdwwMQAAAgAe/mME6AWwABcAGgB5shobHBESObAaELAX0ACwAEVYsAAvG7EAHj5ZsABFWLAMLxuxDBA+WbAARViwAS8bsQEOPlmwAEVYsBUvG7EVDj5ZsAwQsQcDsAorWCHYG/RZsAEQsBLQsBIvshkAARESObAZL7ETAbAKK1gh2Bv0WbIaAAEREjkwMQEBIwYGFRQzMjcXBiMiJjU0NjcDIQMjAQMhAQK6AicTaUpVNjMPQU5QWl5Slf1rloECJ+oCSP7cBbD6UFBpMVQhVCxZUEKBNgGT/mgFsPxRAxkAAAIAZP5jA9EETgAuADkAobIXOjsREjmwFxCwMNAAsABFWLAXLxuxFxo+WbAARViwKS8bsSkQPlmwAEVYsB4vG7EeDj5ZsABFWLAFLxuxBQ4+WbAeELAA0LAAL7ICBRcREjmyDBceERI5sAwvsBcQsRABsAorWCHYG/RZshMMFxESObApELEkA7AKK1gh2Bv0WbAFELEvAbAKK1gh2Bv0WbAMELEzAbAKK1gh2Bv0WTAxJSYnBgYjIiY1NCQzMzU0JiMiBhUnNDYzMhYXERQXFSMGBhUUMzI3FwYjIiY1NDYlMjY3NSMGBhUUFgNFEAU/w22cwQEH69mPiX2kePCvtdEDIRBpSlU2Mw9BTlBaXP7beL0r1rPKhwQzYFJZroWeuHt0hYBaAYG9taL+AJ1ODFBpMVQhVCxZUEGBiHRh7gJ/b1t4//8Ag//sBL8HVgImACcAAAEHAHUB4wFWAAkAsAwvsB/cMDEA//8AXv/sA8wGAAImAEcAAAEHAHUBWAAAAAkAsBAvsCDcMDEA//8Ag//sBL8HTAImACcAAAEHAJ4A8gFWABMAsABFWLAMLxuxDB4+WbAh3DAxAP//AF7/7APMBfYCJgBHAAABBgCeZwAAEwCwAEVYsBAvG7EQGj5ZsCLcMDEA//8Ag//sBL8HDQImACcAAAEHAKIBwAFWAAkAsAwvsCbcMDEA//8AXv/sA8wFtwImAEcAAAEHAKIBNQAAAAkAsBAvsCfcMDEA//8Ag//sBL8HSQImACcAAAEHAJ8A/wFZAAkAsAwvsCHcMDEA//8AXv/sA8wF8gImAEcAAAEGAJ90AgAJALAQL7Ai3DAxAP//ALgAAAS9BzQCJgAoAAABBwCfALABRAAJALABL7Aa3DAxAP//AGz/7ATsBgEAJgBIAAAABwG6A7gFUf//ALgAAARCBuoCJgApAAABBwBwALABSgATALAARViwBi8bsQYePlmwDdwwMQD//wBa/+wD1QWoAiYASQAAAQYAcHsIAAkAsAkvsCDcMDEA//8AuAAABEIHFgImACkAAAEHAKEAwAFEAAkAsAYvsA/cMDEA//8AWv/sA9UF1AImAEkAAAEHAKEAiwACAAkAsAkvsCPcMDEA//8AuAAABEIG+AImACkAAAEHAKIBhQFBABMAsABFWLAGLxuxBh4+WbAV3DAxAP//AFr/7APVBbcCJgBJAAABBwCiAVAAAAAJALAJL7Ap3DAxAAABALj+YwRCBbAAHACJshEdHhESOQCwAEVYsBcvG7EXHj5ZsABFWLAPLxuxDxA+WbAARViwBC8bsQQOPlmwAEVYsBUvG7EVDj5ZshsXBBESObAbL7IvGwFdsQABsAorWCHYG/RZsBUQsQIBsAorWCHYG/RZsAPQsA8QsQoDsAorWCHYG/RZsBcQsRkBsAorWCHYG/RZMDEBIREhFSMGBhUUMzI3FwYjIiY1NDY3IREhFSERIQPc/VcDD0JpSlU2Mw9BTlBaWk79LwOF/PYCqQK6/a5oUGkxVCFULFlQQH42BbBp/dsAAAIAWv6NA9UETgAnAC8AiLIkMDEREjmwJBCwKNAAsABFWLAJLxuxCRo+WbAARViwIi8bsSIWPlmwAEVYsAAvG7EADj5ZsiwJABESObAsL7ENAbAKK1gh2Bv0WbAAELESAbAKK1gh2Bv0WbIVCQAREjmyGQAJERI5sCIQsR0DsAorWCHYG/RZsAkQsSgBsAorWCHYG/RZMDEFIiYmNTU0NjYzMhIVFSEVFBYzMjY3FwYHBwYVFDMyNxcGIyImNTQ3AyIGByE1JiYCP4rffHnYfsXn/PzToGCTPEs5Uj5yVTYzD0FOUFpeTIe5FAKJBagUiPOXK5z6j/7z6UMXuPVGTTlULzJeWFQhVCxZUF1cA/nGpw2cxAD//wC4AAAEQgc0AiYAKQAAAQcAnwDEAUQAEwCwAEVYsAYvG7EGHj5ZsBHcMDEA//8AWv/sA9UF8gImAEkAAAEHAJ8AjwACAAkAsAkvsCTcMDEA//8Akf/sBNMHTAImACsAAAEHAJ4A+wFWABMAsABFWLALLxuxCx4+WbAn3DAxAP//AGz+UQPUBfYCJgBLAAABBgCefQAAEwCwAEVYsAMvG7EDGj5ZsCvcMDEA//8Akf/sBNMHKwImACsAAAEHAKEBBAFZAAkAsAsvsCbcMDEA//8AbP5RA9QF1AImAEsAAAEHAKEAhgACAAkAsAMvsCrcMDEA//8Akf/sBNMHDQImACsAAAEHAKIByQFWAAkAsAsvsCzcMDEA//8AbP5RA9QFtwImAEsAAAEHAKIBSwAAAAkAsAMvsDDcMDEA//8Akf4tBNMFxAImACsAAAAHAboB3/7j//8AbP5RA9QGYwImAEsAAAEHAjQBWwA6AAkAsAMvsCvcMDEA//8AuAAABO8HNwImACwAAAEHAJ4BFgFBABMAsABFWLAHLxuxBx4+WbAQ3DAxAP//AJwAAAPMBzYCJgBMAAABBwCeADIBQAAJALATL7AY3DAxAP///8YAAAJnBx0CJgAtAAABBwCl/1wBSgATALAARViwAy8bsQMePlmwB9wwMQD///+bAAACPAXQAiYAjQAAAQcApf8x//0AEwCwAEVYsAMvG7EDGj5ZsAfcMDEA////4AAAAksG6gImAC0AAAEHAHD/VwFKABMAsABFWLADLxuxAx4+WbAE3DAxAP///7UAAAIgBZ0CJgCNAAABBwBw/yz//QATALAARViwAi8bsQIaPlmwBdwwMQD////xAAACMwcWAiYALQAAAQcAof9nAUQACQCwAi+wB9wwMQD////GAAACCAXJAiYAjQAAAQcAof88//cACQCwAi+wB9wwMQD//wAn/mcBYAWwAiYALQAAAAYApOsE/////P5jAToFxAImAE0AAAAGAKTAAP//AL8AAAFkBvgCJgAtAAABBwCiACsBQQATALAARViwAi8bsQIePlmwDdwwMQD//wDT/+wF2AWwACYALQAAAAcALgIhAAD//wCV/ksDAAXEACYATQAAAAcATgHLAAD//wBH/+wEgwchAiYALgAAAQcAngG4ASsAEwCwAEVYsAAvG7EAHj5ZsBTcMDEA////jP5LAgUFzQImAJwAAAEHAJ7/Ov/XABMAsABFWLAALxuxABo+WbAQ3DAxAP//ALj+lQTnBbACJgAvAAAABwG6AYf/S///AJz+jQPiBgACJgBPAAAABwG6ARH/Q///ALAAAAQDBxgCJgAwAAABBwB1ADQBGAATALAARViwBS8bsQUePlmwCNwwMQD//wCgAAAB8AeJAiYAUAAAAQcAdQAkAYkACQCwAy+wBtwwMQD//wC4/jsEAwWwAiYAMAAAAAcBugF0/vH//wBn/jsBIgYAAiYAUAAAAAcBuv/u/vH//wC4AAAEAwWwAiYAMAAAAQcBugGtBQAAEACwAEVYsAovG7EKHj5ZMDH//wCqAAACVgYBACYAUAAAAQcBugEiBVEABgCwCC8wMf//ALgAAAQDBbACJgAwAAABBwCiAb/9ogAGALAJLzAx//8AqgAAAlAGAAAmAFAAAAEHAKIBF/2vAAYAsAcvMDH//wC4AAAE9Ac7AiYAMgAAAQcAdQITATsAEwCwAEVYsAgvG7EIHj5ZsAzcMDEA//8AnAAAA8wGAAImAFIAAAEHAHUBfAAAAAkAsAQvsBbcMDEA//8AuP47BPQFsAImADIAAAAHAboB2P7x//8AnP47A8wETgImAFIAAAAHAboBQP7x//8AuAAABPQHLgImADIAAAEHAJ8BLwE+ABMAsABFWLAGLxuxBh4+WbAP3DAxAP//AJwAAAPMBfICJgBSAAABBwCfAJgAAgAJALAEL7AY3DAxAP///9EAAAPMBgICJgBSAAABBwG6/1gFUgATALAARViwBC8bsQQaPlmwFNwwMQD//wB9/+wE7AbwAiYAMwAAAQcAcAD4AVAACQCwEy+wHtwwMQD//wBa/+wEIAWoAiYAUwAAAQcAcACAAAgACQCwBC+wH9wwMQD//wB9/+wE7AccAiYAMwAAAQcAoQEIAUoACQCwEy+wIdwwMQD//wBa/+wEIAXUAiYAUwAAAQcAoQCQAAIACQCwBC+wItwwMQD//wB9/+wE7AdGAiYAMwAAAQcApgFjAUcADACwEy+wINywItAwMf//AFr/7AQgBf8CJgBTAAABBwCmAOsAAAAMALAEL7Ah3LAj0DAx//8AtQAABLsHOwImADYAAAEHAHUBnAE7AAkAsAQvsBrcMDEA//8AnAAAAqMGAAImAFYAAAEHAHUA1wAAAAkAsAwvsBHcMDEA//8Atf47BLsFsAImADYAAAAHAboBZv7x//8AXv4/ApMETgImAFYAAAAHAbr/5f71//8AtQAABLsHLgImADYAAAEHAJ8AuAE+ABMAsABFWLAELxuxBB4+WbAd3DAxAP//AIMAAAKxBfICJgBWAAABBgCf9AIACQCwDC+wE9wwMQD//wBY/+wEbAdHAiYANwAAAQcAdQGwAUcAEwCwAEVYsAkvG7EJHj5ZsCrcMDEA//8AZf/sA5wGAAImAFcAAAEHAHUBVgAAABMAsABFWLAJLxuxCRo+WbAo3DAxAP//AFj/7ARsBz0CJgA3AAABBwCeAL8BRwATALAARViwCS8bsQkePlmwKtwwMQD//wBl/+wDnAX2AiYAVwAAAQYAnmUAABMAsABFWLAJLxuxCRo+WbAq3DAxAP//AFj+SQRsBcQCJgA3AAAABwB5AbL//P//AGX+RwOcBE4CJgBXAAAABwB5AVX/+v//AFj+LARsBcQCJgA3AAAABwG6AXz+4v//AGX+KgOcBE4CJgBXAAAABwG6AR/+4P//AFj/7ARsBzoCJgA3AAABBwCfAMwBSgAJALAJL7As3DAxAP//AGX/7AOcBfICJgBXAAABBgCfcgIACQCwCS+wKtwwMQD//wA0/jEElAWwAiYAOAAAAAcBugFq/uf//wAX/jECSQVPAiYAWAAAAAcBugC2/uf//wA0/k0ElAWwAiYAOAAAAAcAeQGgAAD//wAX/k0CewVPAiYAWAAAAAcAeQDsAAD//wA0AAAElAcqAiYAOAAAAQcAnwC7AToAEwCwAEVYsAYvG7EGHj5ZsA3cMDEA//8AF//sApUGRwAmAFgAAAAHAboBYQWX//8Aov/sBKMHFwImADkAAAEHAKUA9AFEABMAsABFWLARLxuxER4+WbAV3DAxAP//AJj/7APKBdwCJgBZAAABBwClAIcACQATALAARViwDS8bsQ0aPlmwFNwwMQD//wCi/+wEowbkAiYAOQAAAQcAcADvAUQACQCwAC+wEtwwMQD//wCY/+wDygWpAiYAWQAAAQcAcACCAAkACQCwBi+wEdwwMQD//wCi/+wEowcQAiYAOQAAAQcAoQD/AT4ACQCwAC+wFdwwMQD//wCY/+wDygXVAiYAWQAAAQcAoQCSAAMACQCwBi+wFNwwMQD//wCi/+wEowdxAiYAOQAAAQcAowF1AUAADACwAC+wINywEtAwMf//AJj/7APKBjYCJgBZAAABBwCjAQgABQAMALAGL7Af3LAR0DAx//8Aov/sBKMHOgImADkAAAEHAKYBWgE7AAwAsAAvsBTcsBbQMDH//wCY/+wD9gX/AiYAWQAAAQcApgDtAAAADACwBi+wE9ywFdAwMQABAKL+iQSjBbAAIABjshQhIhESOQCwAEVYsAAvG7EAHj5ZsABFWLAYLxuxGB4+WbAARViwDi8bsQ4WPlmwAEVYsBQvG7EUDj5ZsgQUGBESObAOELEJA7AKK1gh2Bv0WbAUELEcAbAKK1gh2Bv0WTAxAREUBgcGBhUUMzI3FwYjIiY1NDcHIiQnETMRFBYgNjURBKOCfGZIVTYzD0FOUFplTub+6wV60gFo0QWw/CWX4TtNaDFUIVQsWVBgXwX73gPr/Ce4y8y2A9oAAQCY/mMD3gQ6ACAAebIbISIREjkAsABFWLAXLxuxFxo+WbAARViwHi8bsR4aPlmwAEVYsAovG7EKED5ZsABFWLAALxuxAA4+WbAARViwEy8bsRMOPlmwChCxBQOwCitYIdgb9FmwABCwENCwEC+yER4AERI5sBMQsRsBsAorWCHYG/RZMDEhBgYVFDMyNxcGIyImNTQ2NycGIyImJxEzERAzIDcRMxEDxGlKVTYzD0FOUFpeUwJs7a20Anf6AQRFeFBpMVQhVCxZUEKCNoOdycUCwP1P/svXAw/7xgD//wA9AAAG9wcxAiYAOwAAAQcAngHpATsAEwCwAEVYsAMvG7EDHj5ZsBfcMDEA//8APwAABcEF9gImAFsAAAEHAJ4BSQAAABMAsABFWLADLxuxAxo+WbAX3DAxAP//ABgAAASuBysCJgA9AAABBwCeALABNQATALAARViwCC8bsQgePlmwDdwwMQD//wAg/ksDsAX2AiYAXQAAAQYAnk0AABMAsABFWLAQLxuxEBo+WbAV3DAxAP//ABgAAASuBvoCJgA9AAAABwBqALABNf//AFoAAARyBzsCJgA+AAABBwB1AaEBOwATALAARViwCC8bsQgePlmwDNwwMQD//wBXAAADqgYAAiYAXgAAAQcAdQE9AAAAEwCwAEVYsAcvG7EHGj5ZsAzcMDEA//8AWgAABHIG8gImAD4AAAEHAKIBfgE7ABMAsABFWLAHLxuxBx4+WbAT3DAxAP//AFcAAAOqBbcCJgBeAAABBwCiARoAAAATALAARViwBy8bsQcaPlmwE9wwMQD//wBaAAAEcgcuAiYAPgAAAQcAnwC9AT4AEwCwAEVYsAcvG7EHHj5ZsA/cMDEA//8AVwAAA6oF8wImAF4AAAEGAJ9ZAwATALAARViwBy8bsQcaPlmwD9wwMQD//wARAAAHHwdBAiYAgQAAAQcAdQL3AUEAEwCwAEVYsAYvG7EGHj5ZsBXcMDEA//8AVf/sBnoGAAImAIYAAAEHAHUCmAAAAAkAsBgvsELcMDEA//8Aff+tBPoHfwImAIMAAAEHAHUCBgF/ABMAsABFWLAQLxuxEB4+WbAs3DAxAP//AFn/dAQfBf8CJgCJAAABBwB1AUj//wATALAARViwBC8bsQQaPlmwMNwwMQD////UAAAEFQSNAiYCMAAAAQcCJv9X/24AOQCyXxkBXbL/GQFdss8ZAXGynxkBcrLPGQFysv8ZAXGyTxkBcbLfGQFdtg8ZHxkvGQNdsrMZAV0wMQD////UAAAEFQSNAiYCMAAAAQcCJv9X/24AOQCyXxkBXbL/GQFdss8ZAXGynxkBcrLPGQFysv8ZAXGyTxkBcbLfGQFdtg8ZHxkvGQNdsrMZAV0wMQD//wArAAAD9QSNAiYB2AAAAAYCJlrZ//8AFwAABDoGHQImAjMAAAEHAEQAvwAdAAkAsAQvsAzcMDEA//8AFwAABDoGHQImAjMAAAEHAHUBaAAdAAkAsAQvsA3cMDEA//8AFwAABDoGEwImAjMAAAEGAJ53HQATALAARViwBC8bsQQcPlmwD9wwMQD//wAXAAAEOgX5AiYCMwAAAQYApXUmABMAsABFWLAFLxuxBRw+WbAO3DAxAP//ABcAAAQ6BeICJgIzAAAABgBqdx3//wAXAAAEOgZTAiYCMwAAAQcAowD2ACIAFgCwAEVYsAQvG7EEHD5ZsBTcsBnQMDH//wAXAAAEOgZsAiYCMwAAAAcCJwDi/+L//wBt/kgEGQSdAiYCMQAAAAcAeQGE//v//wCaAAADqgYdAiYCKAAAAQcARACqAB0AEwCwAEVYsAYvG7EGHD5ZsA3cMDEA//8AmgAAA6oGHQImAigAAAEHAHUBUwAdABMAsABFWLAHLxuxBxw+WbAO3DAxAP//AJoAAAOqBhMCJgIoAAABBgCeYh0AEwCwAEVYsAYvG7EGHD5ZsBDcMDEA//8AmgAAA6oF4gImAigAAAAGAGpiHf///+kAAAE4Bh0CJgHjAAABBgBEgh0AEwCwAEVYsAIvG7ECHD5ZsAXcMDEA//8ApgAAAfYGHQImAeMAAAEGAHUqHQATALAARViwAy8bsQMcPlmwBtwwMQD////aAAACBQYTAiYB4wAAAQcAnv86AB0AEwCwAEVYsAIvG7ECHD5ZsAjcMDEA////wwAAAh4F4gImAeMAAAAHAGr/OgAd//8AmgAABEYF+QImAd4AAAEHAKUAugAmABMAsABFWLAILxuxCBw+WbAN3DAxAP//AGn/8AQ/Bh0CJgHdAAABBwBEAOYAHQATALAARViwCy8bsQscPlmwHtwwMQD//wBp//AEPwYdAiYB3QAAAQcAdQGPAB0ACQCwCy+wH9wwMQD//wBp//AEPwYTAiYB3QAAAQcAngCeAB0AEwCwAEVYsAsvG7ELHD5ZsCHcMDEA//8Aaf/wBD8F+QImAd0AAAEHAKUAnAAmABMAsABFWLALLxuxCxw+WbAg3DAxAP//AGn/8AQ/BeICJgHdAAAABwBqAJ4AHf//AIj/8AQABh0CJgHXAAABBwBEAN4AHQATALAARViwCS8bsQkcPlmwE9wwMQD//wCI//AEAAYdAiYB1wAAAQcAdQGHAB0AEwCwAEVYsBEvG7ERHD5ZsBTcMDEA//8AiP/wBAAGEwImAdcAAAEHAJ4AlgAdABMAsABFWLAJLxuxCRw+WbAW3DAxAP//AIj/8AQABeICJgHXAAAABwBqAJYAHf//ABUAAAQMBh0CJgHTAAABBwB1AUwAHQATALAARViwAS8bsQEcPlmwC9wwMQD//wAXAAAEOgXGAiYCMwAAAQYAcHAmABMAsABFWLAELxuxBBw+WbAM3DAxAP//ABcAAAQ6BfICJgIzAAABBwChAIAAIAAJALAEL7AO3DAxAAACABf+YwRABI0AFwAaAHmyGhscERI5sBoQsBfQALAARViwAC8bsQAcPlmwAEVYsAwvG7EMED5ZsABFWLABLxuxAQ4+WbAARViwFS8bsRUOPlmwDBCxBwOwCitYIdgb9FmwARCwEtCwEi+yGQABERI5sBkvsRMBsAorWCHYG/RZshoAARESOTAxAQEjBgYVFDMyNxcGIyImNTQ2NwMhAyMBAyEDAmQB1hRpSlU2Mw9BTlBaYFR3/ct8fAHaugHk8QSN+3NQaTFUIVQsWVBChDYBL/7JBI39EAJh//8Abf/wBBkGHQImAjEAAAEHAHUBhQAdAAkAsAsvsB/cMDEA//8Abf/wBBkGEwImAjEAAAEHAJ4AlAAdABMAsABFWLALLxuxCxw+WbAf3DAxAP//AG3/8AQZBdQCJgIxAAABBwCiAWIAHQAJALALL7Am3DAxAP//AG3/8AQZBhACJgIxAAABBwCfAKEAIAAJALALL7Ah3DAxAP//AJoAAAQVBhACJgIwAAABBgCfUCAACQCwAS+wGtwwMQD//wCaAAADqgXGAiYCKAAAAQYAcFsmABMAsABFWLAGLxuxBhw+WbAN3DAxAP//AJoAAAOqBfICJgIoAAABBgChayAACQCwBi+wD9wwMQD//wCaAAADqgXUAiYCKAAAAQcAogEwAB0AEwCwAEVYsAYvG7EGHD5ZsBXcMDEAAAEAmv5jA6oEjQAcAIuyER0eERI5ALAARViwFy8bsRccPlmwAEVYsA8vG7EPED5ZsABFWLAELxuxBA4+WbAARViwFS8bsRUOPlmyHBcEERI5sBwvtB8cLxwCXbEAAbAKK1gh2Bv0WbAVELECAbAKK1gh2Bv0WbAD0LAPELEKA7AKK1gh2Bv0WbAXELEZAbAKK1gh2Bv0WTAxASERIRUjBgYVFDMyNxcGIyImNTQ2NyERIRUhESEDUv2/Apk3aUpVNjMPQU5QWlpO/Z4DDP1rAkECKf48ZVBpMVQhVCxZUEB+NgSNZ/5pAP//AJoAAAOqBhACJgIoAAABBgCfbyAAEwCwAEVYsAYvG7EGHD5ZsBHcMDEA//8AeP/wBCoGEwImAeUAAAEHAJ4AnQAdABMAsABFWLALLxuxCxw+WbAj3DAxAP//AHj/8AQqBfICJgHlAAABBwChAKYAIAAJALALL7Ak3DAxAP//AHj/8AQqBdQCJgHlAAABBwCiAWsAHQAJALALL7Aq3DAxAP//AHj+LwQqBJ0CJgHlAAAABwG6AWT+5f//AJoAAARBBhMCJgHkAAABBwCeALMAHQATALAARViwBy8bsQccPlmwENwwMQD///+iAAACQwX5AiYB4wAAAQcApf84ACYAEwCwAEVYsAMvG7EDHD5ZsAfcMDEA////vAAAAicFxgImAeMAAAEHAHD/MwAmABMAsABFWLACLxuxAhw+WbAF3DAxAP///80AAAIPBfICJgHjAAABBwCh/0MAIAAJALACL7AH3DAxAP//AAv+YwFEBI0CJgHjAAAABgCkzwD//wCbAAABQAXUAiYB4wAAAQYAogcdABMAsABFWLACLxuxAhw+WbAN3DAxAP//ADv/8AQIBhMCJgHiAAABBwCeAT0AHQATALAARViwAC8bsQAcPlmwFNwwMQD//wCa/jcEPQSNAiYB4QAAAAcBugEb/u3//wCRAAADdQYdAiYB4AAAAQYAdRUdABMAsABFWLAFLxuxBRw+WbAI3DAxAP//AJr+OQN1BI0CJgHgAAAABwG6ARr+7///AJoAAAN1BI0CJgHgAAABBwG6AVsD3QAQALAARViwCy8bsQscPlkwMf//AJoAAAN1BI0CJgHgAAABBwCiAWr9EQAGALAJLzAx//8AmgAABEYGHQImAd4AAAEHAHUBrQAdABMAsABFWLAILxuxCBw+WbAM3DAxAP//AJr+NwRGBI0CJgHeAAAABwG6AXP+7f//AJoAAARGBhACJgHeAAABBwCfAMkAIAATALAARViwBi8bsQYcPlmwD9wwMQD//wBp//AEPwXGAiYB3QAAAQcAcACXACYACQCwCy+wHdwwMQD//wBp//AEPwXyAiYB3QAAAQcAoQCnACAACQCwCy+wINwwMQD//wBp//AEPwYcAiYB3QAAAQcApgECAB0ADACwCy+wH9ywIdAwMf//AJgAAAQWBh0CJgHaAAABBwB1AUUAHQAJALAEL7Aa3DAxAP//AJj+OQQWBI0CJgHaAAAABwG6ARD+7///AJgAAAQWBhACJgHaAAABBgCfYSAACQCwBC+wHNwwMQD//wBK//AD0wYdAiYB2QAAAQcAdQFcAB0ACQCwCS+wKdwwMQD//wBK//AD0wYTAiYB2QAAAQYAnmsdABMAsABFWLAJLxuxCRw+WbAp3DAxAP//AEr+SwPTBJ0CJgHZAAAABwB5AWD//v//AEr/8APTBhACJgHZAAABBgCfeCAACQCwCS+wK9wwMQD//wAr/jID9QSNAiYB2AAAAAcBugEW/uj//wArAAAD9QYQAiYB2AAAAQYAn2ggABMAsABFWLAGLxuxBhw+WbAN3DAxAP//ACv+TgP1BI0CJgHYAAAABwB5AUwAAf//AIj/8AQABfkCJgHXAAABBwClAJQAJgATALAARViwES8bsREcPlmwFdwwMQD//wCI//AEAAXGAiYB1wAAAQcAcACPACYACQCwAC+wEtwwMQD//wCI//AEAAXyAiYB1wAAAQcAoQCfACAACQCwAC+wFdwwMQD//wCI//AEAAZTAiYB1wAAAQcAowEVACIAFgCwAEVYsAkvG7EJHD5ZsBvcsCDQMDH//wCI//AEAwYcAiYB1wAAAQcApgD6AB0ADACwAC+wFNywFtAwMQABAIj+fwQABI0AIABgshMhIhESOQCwAEVYsAAvG7EAHD5ZsABFWLAXLxuxFxw+WbAARViwDS8bsQ0WPlmwAEVYsBMvG7ETDj5ZsRwBsAorWCHYG/RZsgMTHBESObANELEIA7AKK1gh2Bv0WTAxAREQBwcGFRQzMjcXBiMiJjU0NwciJicRMxEUFjMyNjcRBADgPnJVNjMPQU5QWnExy+4Ddq+Xlq4BBI389/73YTJeWFQhVCxZUGZkAs+0Axr87oqcmYoDFf//ADIAAAX6BhMCJgHVAAABBwCeAWIAHQATALAARViwAy8bsQMcPlmwF9wwMQD//wAVAAAEDAYTAiYB0wAAAQYAnlsdABMAsABFWLAILxuxCBw+WbAN3DAxAP//ABUAAAQMBeICJgHTAAAABgBqWx3//wBLAAAD1gYdAiYB0gAAAQcAdQFNAB0AEwCwAEVYsAcvG7EHHD5ZsAzcMDEA//8ASwAAA9YF1AImAdIAAAEHAKIBKgAdABMAsABFWLAHLxuxBxw+WbAT3DAxAP//AEsAAAPWBhACJgHSAAABBgCfaSAAEwCwAEVYsAcvG7EHHD5ZsA/cMDEA//8AHgAABOEGNAImACUAAAAGAK7wAP///z4AAARCBjUCJgApAAAABwCu/ncAAf///0sAAATvBjYCJgAsAAAABwCu/oQAAv///1sAAAFOBjMCJgAtAAAABwCu/pT/////AAD/7AUABjQAJgAzFAAABwCu/zkAAP///zMAAAUSBjQAJgA9ZAAABwCu/mwAAP//AAwAAATMBjQAJgC6FAAABwCu/0UAAP///6P/9gJCBmsCJgDDAAABBwCv/wr/6wAcALAARViwDS8bsQ0aPlmwG9ywENCwGxCwJtAwMf//AB4AAAThBbACBgAlAAD//wC4AAAEdgWwAgYAJgAA//8AuAAABEIFsAIGACkAAP//AFoAAARyBbACBgA+AAD//wC4AAAE7wWwAgYALAAA//8A0wAAAU4FsAIGAC0AAP//ALgAAATnBbACBgAvAAD//wC4AAAGMwWwAgYAMQAA//8AuAAABPQFsAIGADIAAP//AH3/7ATsBcQCBgAzAAD//wC4AAAEkgWwAgYANAAA//8ANAAABJQFsAIGADgAAP//ABgAAASuBbACBgA9AAD//wA3AAAErwWwAgYAPAAA////5wAAAkIHBgImAC0AAAAHAGr/XgFB//8AGAAABK4G+gImAD0AAAAHAGoAsAE1//8Ab//rBHoGCAImALsAAAEHAK4BdP/UABMAsABFWLAULxuxFBo+WbAm3DAxAP//AGv/7APoBgcCJgC/AAABBwCuASr/0wATALAARViwCC8bsQgaPlmwKdwwMQD//wCe/mED1QYIAiYAwQAAAQcArgFF/9QAEwCwAEVYsAMvG7EDGj5ZsBTcMDEA//8Atv/2AiEF8wImAMMAAAEGAK75vwATALAARViwAC8bsQAaPlmwENwwMQD//wCb/+wDywZrAiYAywAAAQYAryXrABwAsABFWLAALxuxABo+WbAi3LAX0LAiELAt0DAx//8AogAABCAEOgIGAI4AAP//AFr/7AQgBE4CBgBTAAD//wCi/mAD0wQ6AgYAdgAA//8AJgAAA7EEOgIGAFoAAAABAED+VQRHBEUAHgBqshQfIBESOQCwAEVYsAAvG7EAGj5ZsABFWLAFLxuxBRo+WbAARViwEC8bsRAQPlmwAEVYsBUvG7EVED5ZsgQAEBESObAQELELAbAKK1gh2Bv0WbIUABAREjmwABCxGwGwCitYIdgb9FkwMRMyFxcTATMBExcWMzI3BwYjIiYnAwEjAQMnJiMHJzaalFQomgE0ff6J2SM5QzwVExorUGxHsP6vfwGWwyE4XUQFKgRFq1P+pAJP/S/+GEh3BmcMaKABjf14AwsBuUVxBmMM////y//2AiYFsAImAMMAAAAHAGr/Qv/r//8Am//sA8sFsAImAMsAAAAGAGpd6///AFr/7AQgBggCJgBTAAABBwCuAT7/1AAJALAEL7Ah3DAxAP//AJv/7APLBfMCJgDLAAABBwCuART/vwAJALAAL7AX3DAxAP//AIn/7AYPBfECJgDOAAABBwCuAl3/vQAJALAAL7Ao3DAxAP//ALgAAARCBwYCJgApAAAABwBqALcBQf//ALkAAAQnB0ECJgCxAAABBwB1AaYBQQATALAARViwBC8bsQQePlmwCNwwMQAAAQBY/+wEbAXEACcAZrIJKCkREjkAsABFWLAJLxuxCR4+WbAARViwHS8bsR0OPlmyAwkdERI5sg4JHRESObAJELERAbAKK1gh2Bv0WbADELEWAbAKK1gh2Bv0WbIiHQkREjmwHRCxJQGwCitYIdgb9FkwMQE0JiQnJjU0JDMyFhYVIzQmIyIGFRQWBBYWFRQEIyIkJjUzFBYzMjYD8Kr+PGiUARPWkeV+fMysp8ayAYjKZv7t4Zr+/4V75r+qzgFmeY1/S2qsp9FwyHuVtZV4b4xrc6BtrNBuxoCaspb//wDTAAABTgWwAgYALQAA////5wAAAkIHBgImAC0AAAAHAGr/XgFB//8AR//sA7cFsAIGAC4AAP//AL0AAAT0BbACBgIsAAD//wC4AAAE5wcLAiYALwAAAQcAdQGYAQsAEwCwAEVYsAUvG7EFHj5ZsA7cMDEA//8AN//rBM0HFgImAN4AAAEHAKEA2wFEAAkAsAEvsBXcMDEA//8AHgAABOEFsAIGACUAAP//ALgAAAR2BbACBgAmAAD//wC5AAAEJwWwAgYAsQAA//8AuAAABEIFsAIGACkAAP//ALwAAATwBxYCJgDcAAABBwChATMBRAATALAARViwCC8bsQgePlmwDdwwMQD//wC4AAAGMwWwAgYAMQAA//8AuAAABO8FsAIGACwAAP//AH3/7ATsBcQCBgAzAAD//wC9AAAE6wWwAgYAtgAA//8AuAAABJIFsAIGADQAAP//AIP/7AS/BcQCBgAnAAD//wA0AAAElAWwAgYAOAAA//8ANwAABK8FsAIGADwAAP//AGT/7APHBE4CBgBFAAD//wBa/+wD1QROAgYASQAA//8ApAAAA9sFwAImAPAAAAEHAKEAkf/uAAkAsAAvsA3cMDEA//8AWv/sBCAETgIGAFMAAP//AJv+YAQCBE4CBgBUAAAAAQBe/+wDzAROAB0ATbIQHh8REjkAsABFWLAQLxuxEBo+WbAARViwCC8bsQgOPlmxAAGwCitYIdgb9FmyAwgQERI5shQQCBESObAQELEXAbAKK1gh2Bv0WTAxJTI2NzMOAiMiAjU1NDY2MzIWFyMmJiMiBhUVFBYCLH2pB3MFcr1s1flw0Yyy5whzCKd/orOzUY1wY6NcASj6JKD2htStf5zq0yPP6AD//wAg/ksDsAQ6AgYAXQAA//8AMAAAA7IEOgIGAFwAAP//AFr/7APVBcUCJgBJAAAABwBqAIIAAP//AKMAAAM+BesCJgDsAAABBwB1AOf/6wATALAARViwBC8bsQQaPlmwCNwwMQD//wBl/+wDnAROAgYAVwAA//8AlQAAAToFxAIGAE0AAP///7wAAAIXBbkCJgCNAAAABwBq/zP/9P///5j+SwE1BcQCBgBOAAD//wCjAAAEFQXqAiYA8QAAAQcAdQFY/+oAEwCwAEVYsAUvG7EFGj5ZsA/cMDEA//8AIP5LA7AF1QImAF0AAAEGAKFWAwATALAARViwEC8bsRAaPlmwFNwwMQD//wA9AAAG9wc7AiYAOwAAAQcARAIxATsAEwCwAEVYsAMvG7EDHj5ZsBTcMDEA//8APwAABcEGAAImAFsAAAEHAEQBkQAAABMAsABFWLADLxuxAxo+WbAU3DAxAP//AD0AAAb3BzsCJgA7AAABBwB1AtoBOwATALAARViwBC8bsQQePlmwFdwwMQD//wA/AAAFwQYAAiYAWwAAAQcAdQI6AAAAEwCwAEVYsAQvG7EEGj5ZsBXcMDEA//8APQAABvcHAAImADsAAAAHAGoB6QE7//8APwAABcEFxQImAFsAAAAHAGoBSQAA//8AGAAABK4HNQImAD0AAAEHAEQA+AE1ABMAsABFWLAILxuxCB4+WbAK3DAxAP//ACD+SwOwBgACJgBdAAABBwBEAJUAAAATALAARViwEC8bsRAaPlmwEtwwMQD//wB3BEIA4gYAAgYACwAA//8AjwQ7Ad8GAAIGAAYAAP//AJn/+AMMBbAAJgAFAAAABwAFAc4AAP///4z+SwIEBcoCJgCcAAABBwCf/0f/2gAJALAAL7AS3DAxAP//AD4ESwERBgACBgGFAAD//wC4AAAGMwc7AiYAMQAAAQcAdQK3ATsAEwCwAEVYsAAvG7EAHj5ZsBHcMDEA//8AlgAABoQGAAImAFEAAAEHAHUCzgAAABMAsABFWLAJLxuxCRo+WbAj3DAxAP//AB7+kgThBbACJgAlAAAABwCnAVwAA///AGT+kgPHBE4CJgBFAAAABwCnAL8AA///ALgAAARCB0ECJgApAAABBwBEAP8BQQATALAARViwBi8bsQYePlmwDdwwMQD//wC8AAAE8AdBAiYA3AAAAQcARAFyAUEAEwCwAEVYsAgvG7EIHj5ZsAvcMDEA//8AWv/sA9UGAAImAEkAAAEHAEQAygAAABMAsABFWLAJLxuxCRo+WbAh3DAxAP//AKQAAAPbBesCJgDwAAABBwBEAND/6wATALAARViwCC8bsQgaPlmwC9wwMQD//wB7AAAFDQWwAgYAuQAA//8Aef5FBQoEOgIGAM0AAP//ABwAAATQBukCJgEZAAABBwCsBD0A+wAWALAARViwEC8bsRAePlmwEtywFtAwMf//AAkAAAQBBcICJgEaAAABBwCsA9r/1AAWALAARViwES8bsREaPlmwE9ywF9AwMf//AFr+SwgrBE4AJgBTAAAABwBdBHsAAP//AH3+SwkaBcQAJgAzAAAABwBdBWoAAP//AFr+UgRkBcQCJgDbAAAABwJRAZ//tf//AGL+UwOiBE0CJgDvAAAABwJRATX/tv//AIP+UgS/BcQCJgAnAAAABwJRAd3/tf//AF7+UgPMBE4CJgBHAAAABwJRAVL/tf//ABgAAASuBbACBgA9AAD//wAs/mEDwwQ6AgYAvQAA//8A0wAAAU4FsAIGAC0AAP//ABcAAAb0BxYCJgDaAAABBwChAdgBRAATALAARViwDS8bsQ0ePlmwGdwwMQD//wAYAAAGAAXAAiYA7gAAAQcAoQFe/+4AEwCwAEVYsA0vG7ENGj5ZsBncMDEA//8A0wAAAU4FsAIGAC0AAP//AB4AAAThBxACJgAlAAABBwChANcBPgAJALAEL7AO3DAxAP//AGT/7APHBdUCJgBFAAABBwChAJgAAwAJALAXL7At3DAxAP//AB4AAAThBwACJgAlAAAABwBqAM4BO///AGT/7APHBcUCJgBFAAAABwBqAI8AAP//ABEAAAcfBbACBgCBAAD//wBV/+wGegROAgYAhgAA//8AuAAABEIHFgImACkAAAEHAKEAwAFEABMAsABFWLAGLxuxBh4+WbAP3DAxAP//AFr/7APVBdQCJgBJAAABBwChAIsAAgAJALAJL7Aj3DAxAP//AHz/7AUgBtgCJgFYAAAABwBqAOMBE///AFz/7APQBE4CBgCdAAD//wBc/+wD0AXFAiYAnQAAAAYAan4A//8AFwAABvQHBgImANoAAAAHAGoBzwFB//8AGAAABgAFsAImAO4AAAAHAGoBVf/r//8AWv/sBGQHGwImANsAAAAHAGoAtAFW//8AYv/tA6IFxAImAO8AAAAGAGpK////ALwAAATwBuoCJgDcAAABBwBwASMBSgATALAARViwCC8bsQgePlmwC9wwMQD//wCkAAAD2wWUAiYA8AAAAQcAcACB//QAEwCwAEVYsAcvG7EHGj5ZsAvcMDEA//8AvAAABPAHBgImANwAAAAHAGoBKgFB//8ApAAAA9sFsAImAPAAAAAHAGoAiP/r//8Aff/sBOwHDAImADMAAAAHAGoA/wFH//8AWv/sBCAFxQImAFMAAAAHAGoAhwAA//8Adv/sBOQFxAIGARcAAP//AFn/7AQfBE4CBgEYAAD//wB2/+wE5AcBAiYBFwAAAAcAagEWATz//wBZ/+wEHwXTAiYBGAAAAAYAansO//8Ajf/sBMgHHAImAOcAAAAHAGoBAAFX//8Ab//sA9MFxQImAP8AAAAGAGpvAP//ADf/6wTNBuoCJgDeAAABBwBwAMsBSgAJALABL7AS3DAxAP//ACD+SwOwBakCJgBdAAABBgBwRgkACQCwAS+wEdwwMQD//wA3/+sEzQcGAiYA3gAAAAcAagDSAUH//wAg/ksDsAXFAiYAXQAAAAYAak0A//8AN//rBM0HQAImAN4AAAEHAKYBNgFBABYAsABFWLARLxuxER4+WbAY3LAU0DAx//8AIP5LA7oF/wImAF0AAAEHAKYAsQAAAAwAsAEvsBPcsBXQMDH//wCsAAAEmQcGAiYA4QAAAAcAagD8AUH//wBuAAADngWwAiYA+QAAAAYAakrr//8AugAABesHBgAmAOYIAAAnAC0EnQAAAAcAagG/AUH//wCpAAAFUQWwACYA/gAAACcAjQQxAAAABwBqAWj/6///AGz/7APTBgACBgBIAAD//wAe/soE4QWwAiYAJQAAAAcArQTdAAD//wBk/soDxwROAiYARQAAAAcArQRAAAD//wAeAAAE4QexAiYAJQAAAQcAqwTIAVgACQCwBC+wC9wwMQD//wBk/+wDxwZ2AiYARQAAAQcAqwSJAB0ACQCwFy+wKtwwMQD//wAeAAAE4QeZAiYAJQAAAQcCNwDcATgAFgCwAEVYsAUvG7EFHj5ZsA7csBTQMDH//wBk/+wEZgZfAiYARQAAAQcCNwCd//4AFgCwAEVYsBcvG7EXGj5ZsC3csDPQMDH//wAeAAAE4QeXAiYAJQAAAQcCOADKAT8AFgCwAEVYsAQvG7EEHj5ZsA7csBPQMDH//wAc/+wDxwZcAiYARQAAAQcCOACLAAQAFgCwAEVYsBcvG7EXGj5ZsC3csDLQMDH//wAeAAAE4QfpAiYAJQAAAQcCOQDOATgAFgCwAEVYsAUvG7EFHj5ZsAzcsBLQMDH//wBk/+wERAavAiYARQAAAQcCOQCP//4AFgCwAEVYsBcvG7EXGj5ZsCvcsDHQMDH//wAeAAAE4QfPAiYAJQAAAQcCOgDLAR8AFgCwAEVYsAUvG7EFHj5ZsAzcsBXQMDH//wBk/+wDxwaVAiYARQAAAQcCOgCM/+UAFgCwAEVYsBcvG7EXGj5ZsC3csDTQMDH//wAe/soE4QcxAiYAJQAAACcAngDOATsBBwCtBN0AAAATALAARViwBC8bsQQePlmwD9wwMQD//wBk/soDxwX2AiYARQAAACcAngCPAAABBwCtBEAAAAATALAARViwFy8bsRcaPlmwLtwwMQD//wAeAAAE4Qe4AiYAJQAAAQcCPADMAUEADACwBC+wDtywGNAwMf//AGT/7APHBn0CJgBFAAABBwI8AI0ABgAMALAXL7At3LA30DAx//8AHgAABOEHuAImACUAAAEHAjUAzAFBAAwAsAQvsA7csBjQMDH//wBk/+wDxwZ9AiYARQAAAQcCNQCNAAYADACwFy+wLdywN9AwMf//AB4AAAThCDcCJgAlAAABBwI9ANABQwAWALAARViwBC8bsQQePlmwDtywF9AwMf//AGT/7APHBvwCJgBFAAABBwI9AJEACAAWALAARViwFy8bsRcaPlmwLdywNtAwMf//AB4AAAThB/gCJgAlAAABBwJQANABSwAMALAEL7AO3LAZ0DAx//8AZP/sA8cGvQImAEUAAAEHAlAAkQAQAAwAsBcvsC3csDjQMDH//wAe/soE4QcQAiYAJQAAACcAoQDXAT4BBwCtBN0AAAATALAARViwBC8bsQQePlmwDtwwMQD//wBk/soDxwXVAiYARQAAACcAoQCYAAMBBwCtBEAAAAATALAARViwFy8bsRcaPlmwLdwwMQD//wC4/tQEQgWwAiYAKQAAAAcArQSzAAr//wBa/swD1QROAiYASQAAAAcArQR+AAL//wC4AAAEQge3AiYAKQAAAQcAqwSxAV4ACQCwBi+wDNwwMQD//wBa/+wD1QZ1AiYASQAAAQcAqwR8ABwACQCwCS+wINwwMQD//wC4AAAEQgcdAiYAKQAAAQcApQC1AUoAEwCwAEVYsAYvG7EGHj5ZsA/cMDEA//8AWv/sA9UF2wImAEkAAAEHAKUAgAAIABMAsABFWLAJLxuxCRo+WbAj3DAxAP//ALgAAASOB58CJgApAAABBwI3AMUBPgAWALAARViwBi8bsQYePlmwEdywFdAwMf//AFr/7ARZBl4CJgBJAAABBwI3AJD//QAWALAARViwCS8bsQkaPlmwI9ywKdAwMf//AEQAAARCB50CJgApAAABBwI4ALMBRQAWALAARViwBi8bsQYePlmwD9ywFNAwMf//AA//7APVBlsCJgBJAAABBgI4fgMAFgCwAEVYsAkvG7EJGj5ZsCPcsCjQMDH//wC4AAAEbAfvAiYAKQAAAQcCOQC3AT4AFgCwAEVYsAcvG7EHHj5ZsA3csBPQMDH//wBa/+wENwauAiYASQAAAQcCOQCC//0AFgCwAEVYsAkvG7EJGj5ZsCHcsCfQMDH//wC4AAAEQgfVAiYAKQAAAQcCOgC0ASUAFgCwAEVYsAYvG7EGHj5ZsA/csBbQMDH//wBa/+wD1QaUAiYASQAAAQYCOn/kABYAsABFWLAJLxuxCRo+WbAh3LAq0DAx//8AuP7UBEIHNwImACkAAAAnAJ4AtwFBAQcArQSzAAoAEwCwAEVYsAYvG7EGHj5ZsBDcMDEA//8AWv7MA9UF9gImAEkAAAAnAJ4AggAAAQcArQR+AAIAEwCwAEVYsAkvG7EJGj5ZsCTcMDEA//8AxAAAAfEHtwImAC0AAAEHAKsDVwFeAAkAsAIvsATcMDEA//8AmQAAAcYGaQImAI0AAAEHAKsDLAAQAAkAsAIvsATcMDEA//8Auf7OAV4FsAImAC0AAAAHAK0DWQAE//8Ajf7UAToFxAImAE0AAAAHAK0DLQAK//8Aff7KBOwFxAImADMAAAAHAK0E/wAA//8AWv7GBCAETgImAFMAAAAHAK0Eh//8//8Aff/sBOwHvQImADMAAAEHAKsE+QFkABMAsABFWLALLxuxCx4+WbAe3DAxAP//AFr/7AQgBnUCJgBTAAABBwCrBIEAHAAJALAEL7Af3DAxAP//AH3/7ATsB6UCJgAzAAABBwI3AQ0BRAAWALAARViwCy8bsQsePlmwI9ywJ9AwMf//AFr/7AReBl4CJgBTAAABBwI3AJX//QAWALAARViwBC8bsQQaPlmwItywKNAwMf//AH3/7ATsB6MCJgAzAAABBwI4APsBSwAWALAARViwCy8bsQsePlmwIdywJtAwMf//ABT/7AQgBlsCJgBTAAABBwI4AIMAAwAWALAARViwBC8bsQQaPlmwINywJ9AwMf//AH3/7ATsB/UCJgAzAAABBwI5AP8BRAAWALAARViwCy8bsQsePlmwIdywJdAwMf//AFr/7AQ8Bq4CJgBTAAABBwI5AIf//QAWALAARViwBC8bsQQaPlmwINywJtAwMf//AH3/7ATsB9sCJgAzAAABBwI6APwBKwAWALAARViwDC8bsQwePlmwH9ywKNAwMf//AFr/7AQgBpQCJgBTAAABBwI6AIT/5AAWALAARViwBC8bsQQaPlmwItywKdAwMf//AH3+ygTsBz0CJgAzAAAAJwCeAP8BRwEHAK0E/wAAABMAsABFWLALLxuxCx4+WbAi3DAxAP//AFr+xgQgBfYCJgBTAAAAJwCeAIcAAAEHAK0Eh//8ABMAsABFWLAELxuxBBo+WbAj3DAxAP//AIT/7AWoBz0CJgCYAAABBwB1AgcBPQATALAARViwDS8bsQ0ePlmwKtwwMQD//wBZ/+wEoAYAAiYAmQAAAQcAdQGDAAAAEwCwAEVYsAQvG7EEGj5ZsCjcMDEA//8AhP/sBagHPQImAJgAAAEHAEQBXgE9ABMAsABFWLANLxuxDR4+WbAp3DAxAP//AFn/7ASgBgACJgCZAAABBwBEANoAAAATALAARViwBC8bsQQaPlmwJ9wwMQD//wCE/+wFqAezAiYAmAAAAQcAqwUQAVoAEwCwAEVYsA0vG7ENHj5ZsCjcMDEA//8AWf/sBKAGdQImAJkAAAEHAKsEjAAcABMAsABFWLAELxuxBBo+WbAm3DAxAP//AIT/7AWoBxkCJgCYAAABBwClARQBRgATALAARViwDS8bsQ0ePlmwK9wwMQD//wBZ/+wEoAXbAiYAmQAAAQcApQCQAAgAEwCwAEVYsAQvG7EEGj5ZsCncMDEA//8AhP7KBagGHQImAJgAAAAHAK0E/AAA//8AWf7BBKAErgImAJkAAAAHAK0Ejv/3//8Aov7KBKMFsAImADkAAAAHAK0E6gAA//8AmP7KA8oEOgImAFkAAAAHAK0ERwAA//8Aov/sBKMHsQImADkAAAEHAKsE8AFYAAkAsAAvsBLcMDEA//8AmP/sA8oGdgImAFkAAAEHAKsEgwAdAAkAsAYvsBHcMDEA//8Aov/sBewHQQImAJoAAAEHAHUB5AFBABMAsABFWLAZLxuxGR4+WbAc3DAxAP//AJj/7ATZBesCJgCbAAABBwB1AYH/6wATALAARViwEy8bsRMaPlmwHNwwMQD//wCi/+wF7AdBAiYAmgAAAQcARAE7AUEAEwCwAEVYsBIvG7ESHj5ZsBvcMDEA//8AmP/sBNkF6wImAJsAAAEHAEQA2P/rABMAsABFWLANLxuxDRo+WbAb3DAxAP//AKL/7AXsB7cCJgCaAAABBwCrBO0BXgATALAARViwEi8bsRIePlmwGtwwMQD//wCY/+wE2QZgAiYAmwAAAQcAqwSKAAcAEwCwAEVYsA0vG7ENGj5ZsBrcMDEA//8Aov/sBewHHQImAJoAAAEHAKUA8QFKABMAsABFWLAZLxuxGR4+WbAd3DAxAP//AJj/7ATZBccCJgCbAAABBwClAI7/9AATALAARViwEy8bsRMaPlmwHdwwMQD//wCi/scF7AYIAiYAmgAAAAcArQTn//3//wCY/soE2QSbAiYAmwAAAAcArQR5AAD//wAY/s8ErgWwAiYAPQAAAAcArQStAAX//wAg/i0DsAQ6AiYAXQAAAAcArQUS/2P//wAYAAAErgerAiYAPQAAAQcAqwSqAVIACQCwAS+wCdwwMQD//wAg/ksDsAZ2AiYAXQAAAQcAqwRHAB0ACQCwAS+wEdwwMQD//wAYAAAErgcRAiYAPQAAAQcApQCuAT4AEwCwAEVYsAEvG7EBHj5ZsAzcMDEA//8AIP5LA7AF3AImAF0AAAEGAKVLCQATALAARViwAS8bsQEaPlmwFNwwMQD//wBs/v8EggYAACYASAAAACcCJgGhAjsBBwBDAKn/ZAANALIPHQFdsi8dAV0wMQD//wA0/p0ElAWwAiYAOAAAAAcCUQIEAAD//wAo/p0DpQQ6AiYA9gAAAAcCUQGCAAD//wCs/p0EmQWwAiYA4QAAAAcCUQMjAAD//wBu/p0DngQ6AiYA+QAAAAcCUQIqAAD//wC5/p0EJwWwAiYAsQAAAAcCUQCZAAD//wCj/p0DPgQ6AiYA7AAAAAcCUQCAAAD//wAk/kMFkAXDAiYBTAAAAAcCUQLW/6b////2/lsEUwROAiYBTQAAAAcCUQHx/77//wCcAAADzAYAAgYATAAAAAL//QAABHgFsAATABwAcbIAHR4REjmwFtAAsABFWLAQLxuxEB4+WbAARViwCi8bsQoOPlmyExAKERI5sBMvsQABsAorWCHYG/RZsgIQChESObACL7AAELAM0LATELAO0LACELEUAbAKK1gh2Bv0WbAKELEVAbAKK1gh2Bv0WTAxASERITIWFhUUBCMhESM1MzUzFSEBESEyNjU0JicCYf7MAWmV2nP+/uT+ILW1ewE0/swBaKm+uKYEZ/7RY7l+wd0EZ2bj4/4C/ZmnkYqjAgAC//0AAAR4BbAAEwAcAHGyAB0eERI5sBbQALAARViwEC8bsRAePlmwAEVYsAovG7EKDj5ZshMQChESObATL7EAAbAKK1gh2Bv0WbICEAoREjmwAi+wABCwDNCwExCwDtCwAhCxFAGwCitYIdgb9FmwChCxFQGwCitYIdgb9FkwMQEhESEyFhYVFAQjIREjNTM1MxUhAREhMjY1NCYnAmH+zAFpldpz/v7k/iC1tXsBNP7MAWipvrimBGf+0WO5fsHdBGdm4+P+Av2Zp5GKowIAAQArAAAEJwWwAA0ASwCwAEVYsAgvG7EIHj5ZsABFWLACLxuxAg4+WbINCAIREjmwDS+xAAGwCitYIdgb9FmwBNCwDRCwBtCwCBCxCgGwCitYIdgb9FkwMQEhESMRIzUzESEVIREhAo/+pXuOjgNu/Q0BWwLD/T0Cw2YCh2n94gABAAAAAAM+BDoADQBLALAARViwCC8bsQgaPlmwAEVYsAIvG7ECDj5Zsg0IAhESObANL7EAAbAKK1gh2Bv0WbAE0LANELAG0LAIELEKAbAKK1gh2Bv0WTAxASERIxEjNTMRIRUhESECZP63eKOjApv93QFJAfb+CgH2ZgHeZ/6JAAH/8wAABQgFsAAUAIYAsABFWLAILxuxCB4+WbAARViwEC8bsRAePlmwAEVYsAIvG7ECDj5ZsABFWLATLxuxEw4+WbIOCAIREjmwDi+yXw4BXbIvDgFdtE8OXw4CcbEBAbAKK1gh2Bv0WbAIELAH0LAHL7EEAbAKK1gh2Bv0WbAHELAK0LAEELAM0LISAQ4REjkwMQEjESMRIzUzETMRIRUhETMBMwEBIwIUyHve3nsBC/71wgIzm/2qAoKZAqv9VQRDZgEH/vlm/tECnP00/RwAAAH/9QAAA/oGAAAUAIEAsABFWLAILxuxCCA+WbAARViwEC8bsRAaPlmwAEVYsAIvG7ECDj5ZsABFWLATLxuxEw4+WbIOEAIREjmwDi+yXw4BXbRfDm8OAnGxAQGwCitYIdgb9FmwCBCwB9CwBy+xBAGwCitYIdgb9FmwBxCwCtCwBBCwDNCyEgEOERI5MDEBIxEjESM1MzUzFSEVIREzATMBASMBtYp4vr54AS7+0n4BlJH+SgHikAIP/fEE2GbCwmb9ngHE/hL9tAABABgAAASuBbAADgBasgoPEBESOQCwAEVYsAgvG7EIHj5ZsABFWLALLxuxCx4+WbAARViwAi8bsQIOPlmyDgILERI5sA4vsQABsAorWCHYG/RZsATQsA4QsAbQsAYvsgoIAhESOTAxASMRIxEjNTMBMwEBMwEzA5T0e/XA/iiSAbkBvY7+J78CGv3mAhpmAzD85gMa/NAAAAEALP5hA8MEOgAQAF0AsABFWLAILxuxCBo+WbAARViwDS8bsQ0aPlmwAEVYsAIvG7ECED5ZsABFWLAALxuxAA4+WbAARViwBC8bsQQOPlmxBgGwCitYIdgb9FmyCwIIERI5sA/QsBDQMDEFIxEjESM1MwEzARc3ATMBMwMq9nj23P6KfAE7FhgBNnz+it0E/mUBm2YD2Py1WFgDS/woAAABADcAAASvBbAAEQBsALAARViwCy8bsQsePlmwAEVYsA4vG7EOHj5ZsABFWLACLxuxAg4+WbAARViwBS8bsQUOPlmyEQsCERI5sBEvsi8RAV2yXxEBXbEAAbAKK1gh2Bv0WbAE0LAAELAH0LARELAJ0LARELAN0DAxASMBIwEBIwEjNTMBMwEBMwEzA6TKAdWU/lj+VpIB1czA/kaTAZoBmpP+Rr4CuP1IAnz9hAK4ZgKS/ZgCaP1uAAABADAAAAOyBDoAEQByALAARViwCy8bsQsaPlmwAEVYsA4vG7EOGj5ZsABFWLACLxuxAg4+WbAARViwBS8bsQUOPlmyEQ4CERI5sBEvtC8RPxECXbRvEX8RAl2xAAGwCitYIdgb9FmyBA4CERI5sAfQsBEQsAnQsg0OAhESOTAxASMBIwEBIwEjNTMBMwEBMwEzAyjVAV+N/sz+zI0BXcnE/reNASQBJI7+t88B+P4IAcr+NgH4ZgHc/kkBt/4kAP//AGv/7APoBE0CBgC/AAD//wAZAAAEPgWwAiYAKgAAAQcCJv+c/nMACACyDw0BXTAx//8AfgKuBbYDFABHAa//dgAAZmZAAP//AGkAAAQZBcQCBgAWAAD//wBi/+wD9AXEAgYAFwAA//8AQwAABEsFsAIGABgAAP//AKj/7AQWBbACBgAZAAD//wCW/+wEHAW7AAYAGhQA//8Afv/sBB0FxAAGABwUAP//AGX/9QPsBcQABgAdAAD//wCM/+wECwXEAAYAFBQA//8Akf/sBNMHVgImACsAAAEHAHUB7AFWAAkAsAsvsCXcMDEA//8AbP5RA9QGAAImAEsAAAEHAHUBbgAAAAkAsAMvsCncMDEA//8AuAAABPQHOwImADIAAAEHAEQBagE7ABMAsABFWLAGLxuxBh4+WbAL3DAxAP//AJwAAAPMBgACJgBSAAABBwBEANMAAAATALAARViwBC8bsQQaPlmwFdwwMQD//wAeAAAE4QcnAiYAJQAAAQcArAR4ATkAFgCwAEVYsAQvG7EEHj5ZsAzcsBDQMDH//wBk/+wDxwXtAiYARQAAAQcArAQ5//8AFgCwAEVYsBcvG7EXGj5ZsCvcsC/QMDH//wCQAAAEQgctAiYAKQAAAQcArARhAT8AFgCwAEVYsAYvG7EGHj5ZsA3csBHQMDH//wBa/+wD1QXsAiYASQAAAQcArAQs//4AFgCwAEVYsAkvG7EJGj5ZsCHcsCXQMDH///82AAAB0ActAiYALQAAAQcArAMHAT8AFgCwAEVYsAIvG7ECHj5ZsAXcsAnQMDH///8LAAABpQXgAiYAjQAAAQcArALc//IAFgCwAEVYsAIvG7ECGj5ZsAXcsAnQMDH//wB9/+wE7AczAiYAMwAAAQcArASpAUUAFgCwAEVYsAsvG7ELHj5ZsB/csCPQMDH//wBa/+wEIAXsAiYAUwAAAQcArAQx//4AFgCwAEVYsAQvG7EEGj5ZsCDcsCTQMDH//wCEAAAEuwcnAiYANgAAAQcArARVATkAFgCwAEVYsAQvG7EEHj5ZsBncsB3QMDH///+/AAACkwXsAiYAVgAAAQcArAOQ//4AFgCwAEVYsAkvG7EJGj5ZsBDcsBTQMDH//wCi/+wEowcnAiYAOQAAAQcArASgATkAFgCwAEVYsAovG7EKHj5ZsBPcsBfQMDH//wBi/+wDygXtAiYAWQAAAQcArAQz//8AFgCwAEVYsAcvG7EHGj5ZsBLcsBbQMDH///7sAAAE5wY0ACYA0GQAAAcArv4lAAD//wC4/tQEdgWwAiYAJgAAAAcArQSSAAr//wCb/sEEAwYAAiYARgAAAAcArQSX//f//wC4/tQEvQWwAiYAKAAAAAcArQShAAr//wBs/soD0wYAAiYASAAAAAcArQSmAAD//wC4/jsEvQWwAiYAKAAAAAcBugFf/vH//wBs/jED0wYAAiYASAAAAAcBugFk/uf//wC4/tQE7wWwAiYALAAAAAcArQUTAAr//wCc/tQDzAYAAiYATAAAAAcArQSMAAr//wC4AAAE5wcLAiYALwAAAQcAdQGYAQsAEwCwAEVYsAUvG7EFHj5ZsA7cMDEA//8AnAAAA+IHQAImAE8AAAEHAHUBXwFAAAkAsAUvsA/cMDEA//8AuP8uBOcFsAImAC8AAAAHAK0EyQBk//8AnP8mA+IGAAImAE8AAAAHAK0EUwBc//8AuP7UBAMFsAImADAAAAAHAK0EtgAK//8Aj/7UATQGAAImAFAAAAAHAK0DLwAK//8AuP7UBjMFsAImADEAAAAHAK0FvgAK//8Alv7UBoQETgImAFEAAAAHAK0F0wAK//8AuP7UBPQFsAImADIAAAAHAK0FGgAK//8AnP7UA8wETgImAFIAAAAHAK0EggAK//8Aff/sBOwH3gImADMAAAEHAjYE8AFjABYAsABFWLALLxuxCx4+WbAh3LA30DAx//8AuAAABJIHQQImADQAAAEHAHUBgwFBABMAsABFWLADLxuxAx4+WbAW3DAxAP//AJv+YAQCBfYCJgBUAAABBwB1AZr/9gATALAARViwCS8bsQkaPlmwH9wwMQD//wC1/tQEuwWwAiYANgAAAAcArQSoAAr//wCG/tgCkwROAiYAVgAAAAcArQMmAA7//wBY/sYEbAXEAiYANwAAAAcArQS+//z//wBl/sQDnAROAiYAVwAAAAcArQRh//r//wA0/soElAWwAiYAOAAAAAcArQSsAAD//wAX/soCSQVPAiYAWAAAAAcArQP4AAD//wCi/+wEowfSAiYAOQAAAQcCNgTnAVcADACwAC+wHdywKdAwMf//AB8AAATRBx0CJgA6AAABBwClAMMBSgATALAARViwAy8bsQMePlmwDNwwMQD//wAmAAADsQXSAiYAWgAAAQYApT3/ABMAsABFWLABLxuxARo+WbAK3DAxAP//AB/+1ATRBbACJgA6AAAABwCtBMIACv//ACb+1AOxBDoCJgBaAAAABwCtBDgACv//AD3+1Ab3BbACJgA7AAAABwCtBeQACv//AD/+1AXBBDoCJgBbAAAABwCtBUcACv//AFr+1ARyBbACJgA+AAAABwCtBLwACv//AFf+1AOqBDoCJgBeAAAABwCtBFwACv///oP/7AUyBdAAJgAzRgAABwFx/iQAAP//ABcAAAQ6BRECJgIzAAAABwCu/8v+3f///4oAAAPmBRQAJgIoPAAABwCu/sP+4P///58AAAR9BRIAJgHkPAAABwCu/tj+3v///6sAAAFlBREAJgHjPAAABwCu/uT+3f////z/8ARJBREAJgHdCgAABwCu/zX+3f///zwAAARIBREAJgHTPAAABwCu/nX+3f//ACcAAARzBRAAJgHzCgAABwCu/2D+3P//ABcAAAQ6BI0CBgIzAAD//wCaAAAD3ASNAgYCMgAA//8AmgAAA6oEjQIGAigAAP//AEsAAAPWBI0CBgHSAAD//wCaAAAEQQSNAgYB5AAA//8AsQAAASkEjQIGAeMAAP//AJoAAAQ9BI0CBgHhAAD//wCaAAAFWgSNAgYB3wAA//8AmgAABEYEjQIGAd4AAP//AGn/8AQ/BJ0CBgHdAAD//wCaAAAD9ASNAgYB3AAA//8AKwAAA/UEjQIGAdgAAP//ABUAAAQMBI0CBgHTAAD//wAqAAAEEQSNAgYB1AAA////wwAAAh4F4gImAeMAAAAHAGr/OgAd//8AFQAABAwF4gImAdMAAAAGAGpbHf//AJoAAAOqBeICJgIoAAAABgBqYh3//wCaAAADfgYdAiYB6gAAAQcAdQFFAB0ACQCwBC+wCNwwMQD//wBK//AD0wSdAgYB2QAA//8AsQAAASkEjQIGAeMAAP///8MAAAIeBeICJgHjAAAABwBq/zoAHf//ADv/8AM3BI0CBgHiAAD//wCaAAAEPQYdAiYB4QAAAQcAdQFDAB0AEwCwAEVYsAUvG7EFHD5ZsA/cMDEA//8AIP/sBAAF8gImAgEAAAEGAKFrIAATALAARViwEi8bsRIcPlmwFtwwMQD//wAXAAAEOgSNAgYCMwAA//8AmgAAA9wEjQIGAjIAAP//AJoAAAN+BI0CBgHqAAD//wCaAAADqgSNAgYCKAAA//8AmgAABE0F8gImAf4AAAEHAKEAxQAgABMAsABFWLAILxuxCBw+WbAN3DAxAP//AJoAAAVaBI0CBgHfAAD//wCaAAAEQQSNAgYB5AAA//8Aaf/wBD8EnQIGAd0AAP//AJoAAAQqBI0CBgHvAAD//wCaAAAD9ASNAgYB3AAA//8Abf/wBBkEnQIGAjEAAP//ACsAAAP1BI0CBgHYAAD//wAqAAAEEQSNAgYB1AAAAAEATv5RA8kEnQApAJqyJSorERI5ALAARViwCi8bsQocPlmwAEVYsBYvG7EWED5ZsABFWLAVLxuxFQ4+WbAKELEDAbAKK1gh2Bv0WbIGChUREjmyKAoVERI5sCgvsl8oAV20HygvKAJdtE8oXygCcbSPKJ8oAnGxJQGwCitYIdgb9FmyECUoERI5sBUQsBjQshwVChESObAVELEfAbAKK1gh2Bv0WTAxATQmIyIGFSM0NjMyFhUUBgcWFRQGBxEjESYmNTMWFjMyNjU0JicjNTMgAz6jlYSqePSyzeN0aO/UtXiszngCsoykp6Sem48BOwNYaHV6YJCyqJZhiyM+1ZGtDf5fAaIPtIxqgXtrdmkBZgABAJr+nQStBI0ADwCRsgMQERESOQCwAC+wAEVYsAgvG7EIHD5ZsABFWLAMLxuxDBw+WbAARViwAi8bsQIOPlmwAEVYsAYvG7EGDj5ZsgsIAhESObALL7JfCwFdss8LAV20jwufCwJxsv8LAXGyDwsBcrLPCwFxtE8LXwsCcbSPC58LAl20HwsvCwJdsj8LAXKxBAGwCitYIdgb9FkwMQEjESMRIREjETMRIREzETMErXhr/Ud3dwK5d2z+nQFjAgz99ASN/eUCG/vuAAABAG3+VQQZBJ0AHwBqshwgIRESOQCwAEVYsA4vG7EOHD5ZsABFWLAELxuxBBA+WbAARViwAy8bsQMOPlmwAEVYsAYvG7EGDj5ZshIOBhESObAOELEVAbAKK1gh2Bv0WbAGELEcAbAKK1gh2Bv0WbIfBg4REjkwMQEGBgcRIxEmAjU1NDY2MzIWFyMmJiMiBhUVFBYzMjY3BBkT1K14vuJ32pDI7hV4EqKfqMK/paGlEwFvq8QN/mIBnhQBHeKDnvODybmIk+TMhMfmjI4A//8AFQAABAwEjQIGAdMAAP//AAv+UgVDBJ0CJgIXAAAABwJRApz/tf//AJoAAARNBcYCJgH+AAABBwBwALUAJgAJALAAL7AK3DAxAP//ACD/7AQABcYCJgIBAAABBgBwWyYACQCwAy+wE9wwMQD//wBpAAAE9QSNAgYB8QAA//8Asf/wBREEjQAmAeMAAAAHAeIB2gAA//8ADgAABd8GAAImAnMAAAAHAHUCrQAA//8Aaf++BD8GHQImAnUAAAAHAHUBjwAd//8ASv4uA9MEnQImAdkAAAAHAboBKv7k//8AMgAABfoGHQImAdUAAAAHAEQBqgAd//8AMgAABfoGHQImAdUAAAAHAHUCUwAd//8AMgAABfoF4gImAdUAAAAHAGoBYgAd//8AFQAABAwGHQImAdMAAAAHAEQAowAd//8AHv5jBOEFsAImACUAAAAHAKQBbgAA//8AZP5jA8cETgImAEUAAAAHAKQA0QAA//8AuP5tBEIFsAImACkAAAAHAKQBRAAK//8AWv5lA9UETgImAEkAAAAHAKQBDwAC//8AF/5jBDoEjQImAjMAAAAHAKQBFAAA//8Amv5rA6oEjQImAigAAAAHAKQA7wAI//8Ajf7UATIEOgImAI0AAAAHAK0DLQAKAAAAAQAABQ4AjwAWAFkABQABAAAAAAAOAAACAAJyAAYAAQAAAGAAYABgAGAAYACaALwBPQG6AkQC1QLrAxkDRwN6A6ADuwPSA/MECgRhBI8E4QVfBaMGBwZ1BqIHKQeWB6IHrgfgCAgINQiSCUAJhwn0CkYKlArYCxALeQu5C9QMCAxJDG0Muwz3DVINng4CDl4OzQ74DzcPZg+8EAUQNRBtEJIQqRDOEPcREhEvEbESEhJmEsQTKhOAE/4URhR/FMsVEBUrFZ0V6hY9FqUXCRdIF7cYCxhSGIIY1xkgGWQZnBncGfMaMhp2GrAbDBt6G98cQRxgHQcdOB3eHlceYx6BHzIfTB+PH88gICCSIK8hBCEwIVUhnSHIIhIiHiI4IlIibCLSI0AjfSP6JE8ktiV4Je8mQCa7Jx4nnCf/KBooZyiyKPApSCmmKi8q1isIK3Er2yxNLLUtCy1rLZ0uBC4wLlguYC6OLq0u6i8gL2Ivly/bL/owGTAiMF4wlTC0MNExFjEeMUUxdTH+MisygDKvMuwzZjPBNCw0pjUdNVA1yTZINpw25jdoN5c37zhjOLc5ETlxOcs6EDpVOsM7IjuNPAg8YzzZPT49tj4vPqs/AD89P5Y/8UBgQNxBFUFhQaZCHkJYQp1C20MkQ35D4kQvRKZFMUWNRgNGf0amRv1HcUfrSCRId0i/SQdJVEmDSa9KPUpzSrdK9Us6S5NL9kxCTLhNQE2dThhOjk8FT3dP3lAaUH9Q5VFRUdhSZFKwUv9TalPaVFBUwVVOVdhWcVcSV5xYGFheWKRZE1l9Wjla+Vt/XAZcXVywXOVc/10zXUldX14zXpxet17SX0FfmWAOYD1gZmC8YRNhH2ErYTdhQ2GhYgRiXWK9Ysli1WMhY3tj2mQ6ZNxlcGV8ZYhl2GYdZilmNWaHZtdnGWePaABoXGjCaM5o2mlBaalptWnBac1p2WpEaqlrCGsXayZrMms+a4xr8Gx4bOxtXG3FbihumG8Db35v+3BWcKtw/3FScc5x2nHmchtyG3IbchtyG3IbchtyG3IbchtyG3IbchtyG3IjcityNXJAcnJyj3Kqcshy5HLwcvxzLnNtc89z83P/dA90MnUKdSZ1Q3VWdWp1tHZCduh3eXeFeGd40XlTef16aHrmez97sXxOfLJ9RX2jfgd+IX47flV+b37ffwZ/P39Wf4uAJYBpgO+BMYFEgVeBkIGdgceB6YH1gl+CvINRg92EZIUqhSqG+Ideh7CH3ogqiJKJIIlRibuKIopwiviLTouAi9GMCYw5jIKM140GjUSNb43bjjuOlI7fjzKPa4+8j+CQJpBZkHSQs5EikVmR0pI+kp+SyZL/k3qTrJP7lC2UcZTrlUWVq5YJln6W85d9l9CYEJhpmMGZPJm4mfSaQ5qNmtSbD5tTm5Ob3ZwznD+cjZ0DnYmd5J4nnrGfFZ90n9WgY6BvoMOhEKFgoaOiEaJzotajUKPdpGqlAqV0peOmK6aQpvGnHqedqASoG6h4qL2pb6ncqkGqjKrSqxOrVaueq/OsZ6ytrM+tDK2CrcuuE65ortqvB69Dr5Ovp6+7r82v4a/zsAqwHrB7sOexOLGasgKyLbKDstyzJLOHs660ErQotLK1HLVHtU+1V7VftWe1b7V3tX+1h7WPtZe1n7Wnta+1urXCtjK2iba2txq3brfMuEa4nLkEuWm5y7pGuk662bsju5C74LxYvMa9F70XvR+9j734vl++or8Rvyi/P79Wv22/eb+Rv52/qb/Av9e/7r/6wBHAKMA/wEvAYsB5wJDAp8C+wMrA4cD4wQ/BG8EywUnBYMF3wY7BmsGywb7BysHhwfjCD8Ibwi3CPsJVwmHCeMKPwqbCvcLUwuDC98MOwyXDMcNIw1PDasN8w47DoMQOxLDEwsTUxOvFAcUTxSXFN8VIxVrFZsV9xY7FoMWyxcnF28ZOxtnG8McCxxnHL8dBx1PHZcd3x4PHlcesx77H1cfsyAPIGsgsyD7ISchUyGvId8iDyJrIsci9yMnI4MjyyP7JCskfyS/JP8lPyWbJeMmEyZDJp8m5ydDJ4sn0ygbKGMoryj7KUMpiym7KesqRyqLKucrQyufK/csJyxXLIcstyz/LUMtcy2jLdMuAy5fLo8u6y9HL48v1zAfMGcwszD/MUsxlzMrNOc1QzWfNfs2UzaDNt83OzeXN/M4TzinOQM5SzmnOgM6qztTO387xzwPPGc8vzzrPUs9ez2rPgc+Yz67Puc/Pz+XP/NAI0B/QNtBI0F/QdtCC0JnQsNDH0NPQ6tEA0RLRf9GR0ajRutHM0d3R89IE0hvSj9Kl0rzSztLg0uzTA9Ma0zHTQ9NO02TTe9OH053TqdO+087T5dPx1AjUGtQs1D/UUdRd1G7UgNSW1KLUs9S/1NXU4dT41QrVHNU01UfVqtXB1dfV4tX51hDWJtYx1j3WSdZV1mHWbdZ51pTWnNak1qzWtNa81sTWzNbU1tzW5Nbs1vTW/NcE1xDXHNcz10rXYdd315HXmdeh16nXsdge2CrYNdhH2FnYa9h32I7Y/dkF2RHZGdkh2TjZStlS2VrZYtlq2YHZidmR2ZnZodmp2bHZudnB2cnZ0dnj2evZ89pH2k/aV9pj2nragtqK2pbantq12sva4tr52xDbJ9sz2z/bVttt23XbfduJ25vbo9u629Hb3dvp3ADcF9wu3EXcTdxV3G3chdyR3J3cqdy13MHczdzV3N3c5dz83RPdG90t3T/dS91X3V/dZ91+3ZDdnN2k3a/du93H3dPd3t313gzeGN4k3jDePN5E3kzeWN5j3m/eet6M3p3eqd603sze397r3vbfBt8W3x7fKt8230jfWt9y34rfot+639Lf6uAC4BrgNeBQ4GPgduCJ4JzgtODM4N/g8uEN4SjhNOFA4VLhZOF74ZLhquHC4drh8eIJ4iHiOeJQ4mvihuKY4qrituLC4s7i2uLx4wPjG+Mz40vjY+N745Pjq+PD497j+eQQ5CfkPuRV5Gzkg+Sa5LHkveTJ5NXk4eTz5QXlHOUz5UrlYeV45Y/lpuW95cnl1eXh5e3l/+YR5ijmPuZW5mLmbuZ65obmkuae5qrmtua+5ybnjufO6A7od+jc6SjpeOnV6jXqPepO6lnqYepp6nHqeeqB6onqkeqZ6qvqverU6uvrA+sb6zPrS+tj63vrk+ur68Pr2+vz7AvsF+wj7C/sO+xH7FPsX+xr7Hfsjuyg7KzsuOzE7NDs3Ozo7PTtAO0Y7S/tRu1S7V7tau127YLtju2h7bjtzu3a7ebt8u3+7gruFu4i7i7uOu5G7lLuXu5q7nbufu6G7o7ulu6e7qburu627r7uxu7O7tbu3u7m7vLu/e8I7xrvIu8q7zbvPu9V72vvc+9774Pvi++i76rvsu+678Lvyu/S79rv4vBr8NHxOPFA8UzxXvFv8Xfxg/GP8Zvxp/Gz8b/xy/HX8ePx7/H78gfyE/If8isAAAABAAAAAiMSjE3+BV8PPPUAGQgAAAAAAMTwES4AAAAA1QFS4/og/dUJGghzAAAACQACAAAAAAAAA4wAZAAAAAAAAAAAAfIAAAHyAAABzgCZAkwAjwSnAFUEbwBzBekAbQTsAGwBXAB3Ao0AjAKbACEDZQAdBIQASwGIADwCSgAxAekAkQMtAB4EbwB4BG8AsgRvAGkEbwBiBG8AQwRvAKgEbwCCBG8ATQRvAGoEbwBlAa4AfwGPADwEFwBNBG0AlQQlAHwDogBUB04AcQT/AB4E5wC4BTIAgwU9ALgEjQC4BIAAuAV4AJEFqQC4AiEA0wRnAEcFDAC4BDcAuAbsALgFrgC4BWoAfQTtALgFagB5BRQAtQS9AFgExwA0BUIAogTvAB8HLAA9BOUANwTKABgEyQBaAesAowMnADAB6wAAA1QATQN0AAECSQBnBEkAZARvAJsEHwBeBHIAbAQiAFoCpgA/BHAAbARkAJwBywCVAdP/mAPrAJwBywCqBxcAlgRlAJwEewBaBG8AmwR2AGwCsQCcBA0AZQKSABcEZQCYA9kAJgYIAD8D5AAwA80AIAPkAFcCpABEAcQAsgKkAAkFegCRAcQAjARbAHcEkgBdBckAbQQgABgBvACfBNcAZgNxAIkGZQBrA4oAnQOlAHsEXQB8BmoAZgNqAIkDBgCPBD0AVALkAEwC5ABHAkAAfAR0AKIDzQBTAfcAowHyAGIC5AB+A5oAhwOgAHMFzABzBgwAZAY2AHYDrABYB0kAEQQwAF0FagB9BL4AtwSwAJcGxABVBKcAlQSMAEgEdABZBH4AnwSUAGwFgwAYAcgAqARXAKIEOgAVAhEAGQWaALUEdACdB3kAbAdkAF4B0QCnBZkAfAKe/8UFlACEBHoAWQVyAKIEsACYAdT/jAQfAFwDcACgA0QAjwNrAIkDYQCKAcsAlAJ7AHUCAAA8A3sAagMFAHgCbgCdAAD84AAA/ZkAAPyqAAD9bQAA/C8AAP1gAgcAxwPVAJkB9wCjBGoAuQWTACwFYgB2BS8ARAR5AHQFqQC9BHkAPwW4AFgFjgB7BT0AeASBAG8EvQCxA+oALAR0AFsEWQBrA+8ASQR0AJ4ElQCKAmYAtgRnADED7QB3BMMAMwR0AJ4ERwBvBHIAWwQXAE0ERwCbBXwAcQV4AHkGmACJBJcAhQRK/9EGSgA4BfQANgVIAIUIcQAzCKIAugZvADYFpAC5BQUAsQXKAEcHCgAXBMIAWgWuALwFngAoBQUANwXxAEwFtQCzBVMArAdoALYHigC2BjH/9gauALoE5gCyBUgAjQdIANEE5ABcBGcAYQR5AKkDXwCjBJYANAYjABgEDQBiBH8ApAQlAKMEgQAsBdkAqQR/AKQEfwCkA80AKAXMAG8EjgCkBEIAbgZZAKQGawCeBQoAIwYCAKkESACpBEcAbwaBAKkEWABdBGT/5gRHAGsG1gAkBuQApAR1//AEfwCkBxoAqgaWAJ0ER//jByYA0gXzAKYEzQAlBDgAGQcGAOQGBgDJBoUAnQWnAJ4IpQDRB2oAqAQeAHQD3wBeBWIAdgSGAFkE7QAcA/EALAViAHYEdABZBxAAqgZjAI0HGgCqBpYAnQUQAIIELwBvBOEAiAAA/KMAAPx/AAD9dAAA/acAAPogAAD6KAWyALwEkwCkBEf/4wUOALQEhACbBGIAsQOAAJ4EngC5A/sAngdSABcGNQAYBVkAvQR6AKME6ACzBFIAogZ2AFEFRwAzBagAuASJAKQIDwC1BcoAnggoALEG0ACeBfIAewTAAHYE9wA3A/MAMAbyACMFOgAcBVEArARMAG4FTgCsBGYAlwVOAKYGCgAkBLj/9gToALMEOACiBaUAKASUACwFowC6BHQAngWxALgEkgCkBu8AuAXuAKkFmQB8BJsAcQSbAHEEjQAZA4cAEQUDADcD/gAwBJUASwY/AEwG3wBvBlEAMwUmAC4ERABiBAIAcAe8AEIGcAAzB8sAvQacAJYE8QCIBBgAdQWoACEFGwBDBUgAkAWnACgElgAsArYAXwQUAAAIKQAABBQAAAgpAAACuQAAAgoAAAFcAAAEfwAAAjAAAAGiAAABAAAAANEAAAAAAAACQgAxAkIAMQU2AJ8GLAB9A6AALQFsAGIBbAA+AWEAKQFsAFkCZABjAmkARAJRACkEZwBDBIIAVAKWAJIDoQCmBSEApgFaAFsHzgBbAmEAbAJhAGEDlgA+AuQAOwNeAHsEkgBgBicAIwaLALkIXgC1BhMAIwYaAJsEbwBTBX0AIwPoADMEGwAsBUEAagUiACMF4gB2A7kAWwgoALEE8ABrBRIAlQYfAGMG3ACABsQAeAZqAGsEkQBqBUIArgSeAD8EkAClBF4AQAh0AHcCB/+JBIIAZQRtAJUEFwBFBCYAdwQKADcCBwCnAkwAdQHnAHkEwwA/BEwAMARbAD8GnwA/Bp8APwS+AD8GfABlAAAAAAguAFgINQBcAuMATALjAH4C4wBXBAAAVQQAAFwEAABDBAAAewQAAJEEAAA8BAAAVQQAAFoEAACfBAAAaQQgAEsEIwAVBDkAKgYnADIEQwAYBIcAiAQhACsEGABKBGIAmASpAGUEQACaBKkAaQTgAJoF9QCaA6IAmgRYAJoDywA7AdoAsQTcAJoEsgB4A9wAmgQYAEoEBgApA6IAFQOxAJoEQwAYBKkAaQRDABgDkwBHBMQAmgPgADsFXwBpBPAAaQTnAIAFUwAiBHgAbQc2ACUHRQCaBVkAKwTEAJoEQQCaBQgANAYZACUENQBOBOgAmgRBAKAErwAlBBQAIAUNAJoETABDBhcAmgZgAJoFCAAEBZAAmgQzAJoEdABfBkgAmgRuAFAEHAAPBlcAJQRkAKAErQCgBR0AEQW5AGkEUQAVBIQAKgY4ACIETABDBEwAmgWSAAsEqQBeBDUATgSpAGkEBgApA74ANQfcAJoEmQAoAuMARwLjADsC4wBsAuMAYALjAD4C4wBPAuMASwNgAH0CpACwA+gAmgQ3ADwEqwBvBUQAugUcAL0D7gCfBSgAvQPWAJ8EgACaBHgAbQQ8AJoEUwAXAcYAlwOfAIoAAPy3A14AXAN1/5EECQBtA3kAbQOxAJoDggCKA30AigLkAFcC5AA7AuQAbALkAGAC5AA+AuQATwLkAEsFXACABaEAgAV4AL0FtQCABbYAgAPVAKAEggCDBF4ADwTMAD4EawBlBC4ASgOfAJUBlACOBq8AaQScAHAB0f+NBHAAPARwAG4EcAAcBHAAcwRwAGwEcAA5BHAAfARwAGMEcABpBHABEAHh/4wB1f+MAcgAqAHI//oByACoBDwAmgT4AH0D+gA4BG4AmwQsAGAEeQBfBHcAXwSCAFoEdgCbBH0AXwQiAFoEcABsA4IAcATaAHgDogAEBiUADgPcAJoEqQBpBNwAPwTgAJoB8gAAAkoAMQVbACEFWwAhBIIAAATHADQCkgAOBP8AHgT/AB4E/wAeBP8AHgT/AB4E/wAeBP8AHgUyAIMEjQC4BI0AuASNALgEjQC4AiEADQIhAMoCIf/+AiH/5wWuALgFagB9BWoAfQVqAH0FagB9BWoAfQVCAKIFQgCiBUIAogVCAKIEygAYBEkAZARJAGQESQBkBEkAZARJAGQESQBkBEkAZAQfAF4EIgBaBCIAWgQiAFoEIgBaAcj/4gHIAJ8ByP/TAcj/vARlAJwEewBaBHsAWgR7AFoEewBaBHsAWgRlAJgEZQCYBGUAmARlAJgDzQAgA80AIAT/AB4ESQBkBP8AHgRJAGQE/wAeBEkAZAUyAIMEHwBeBTIAgwQfAF4FMgCDBB8AXgUyAIMEHwBeBT0AuAUIAGwEjQC4BCIAWgSNALgEIgBaBI0AuAQiAFoEjQC4BCIAWgSNALgEIgBaBXgAkQRwAGwFeACRBHAAbAV4AJEEcABsBXgAkQRwAGwFqQC4BGQAnAIh/8YByP+bAiH/4AHI/7UCIf/xAcj/xgIhACcBy//8AiEAvwaIANMDngCVBGcARwHU/4wFDAC4A+sAnAQ3ALABywCgBDcAuAHLAGcENwC4AmEAqgQ3ALgCpwCqBa4AuARlAJwFrgC4BGUAnAWuALgEZQCcBGX/0QVqAH0EewBaBWoAfQR7AFoFagB9BHsAWgUUALUCsQCcBRQAtQKxAF4FFAC1ArEAgwS9AFgEDQBlBL0AWAQNAGUEvQBYBA0AZQS9AFgEDQBlBL0AWAQNAGUExwA0ApIAFwTHADQCkgAXBMcANAK6ABcFQgCiBGUAmAVCAKIEZQCYBUIAogRlAJgFQgCiBGUAmAVCAKIEZQCYBUIAogRlAJgHLAA9BggAPwTKABgDzQAgBMoAGATJAFoD5ABXBMkAWgPkAFcEyQBaA+QAVwdJABEGxABVBWoAfQR0AFkEgP/UBID/1AQhACsEUwAXBFMAFwRTABcEUwAXBFMAFwRTABcEUwAXBHgAbQPoAJoD6ACaA+gAmgPoAJoB2v/pAdoApgHa/9oB2v/DBOAAmgSpAGkEqQBpBKkAaQSpAGkEqQBpBIcAiASHAIgEhwCIBIcAiAQjABUEUwAXBFMAFwRTABcEeABtBHgAbQR4AG0EeABtBIAAmgPoAJoD6ACaA+gAmgPoAJoD6ACaBLIAeASyAHgEsgB4BLIAeATcAJoB2v+iAdr/vAHa/80B2gALAdoAmwPLADsEWACaA6IAkQOiAJoDogCaA6IAmgTgAJoE4ACaBOAAmgSpAGkEqQBpBKkAaQRiAJgEYgCYBGIAmAQYAEoEGABKBBgASgQYAEoEIQArBCEAKwQhACsEhwCIBIcAiASHAIgEhwCIBIcAiASHAIgGJwAyBCMAFQQjABUEIABLBCAASwQgAEsE/wAeBI3/PgWp/0sCIf9bBX4AAAUu/zMFUQAMAmb/owT/AB4E5wC4BI0AuATJAFoFqQC4AiEA0wUMALgG7AC4Ba4AuAVqAH0E7QC4BMcANATKABgE5QA3AiH/5wTKABgEgQBvBFkAawR0AJ4CZgC2BEcAmwRXAKIEewBaBHQAogPZACYD5AAwAmb/ywRHAJsEewBaBEcAmwaYAIkEjQC4BGoAuQS9AFgCIQDTAiH/5wRnAEcFHAC9BQwAuAUFADcE/wAeBOcAuARqALkEjQC4Ba4AvAbsALgFqQC4BWoAfQWpAL0E7QC4BTIAgwTHADQE5QA3BEkAZAQiAFoEfwCkBHsAWgRvAJsEHwBeA80AIAPkADAEIgBaA18AowQNAGUBywCVAcj/vAHT/5gEJQCjA80AIAcsAD0GCAA/BywAPQYIAD8HLAA9BggAPwTKABgDzQAgAVwAdwJMAI8DnACZAdT/jAFsAD4G7AC4BxcAlgT/AB4ESQBkBI0AuAWuALwEIgBaBH8ApAWOAHsFeAB5BO0AHAPxAAkISABaCTcAfQTCAFoEDQBiBTIAgwQfAF4EygAYA+oALAIhANMHCgAXBiMAGAIhANME/wAeBEkAZAT/AB4ESQBkB0kAEQbEAFUEjQC4BCIAWgWZAHwEHwBcBB8AXAcKABcGIwAYBMIAWgQNAGIFrgC8BH8ApAWuALwEfwCkBWoAfQR7AFoFYgB2BIYAWQViAHYEhgBZBUgAjQRHAG8FBQA3A80AIAUFADcDzQAgBQUANwPNACAFUwCsBEIAbgauALoGAgCpBHIAbAT/AB4ESQBkBP8AHgRJAGQE/wAeBEkAZAT/AB4ESQAcBP8AHgRJAGQE/wAeBEkAZAT/AB4ESQBkBP8AHgRJAGQE/wAeBEkAZAT/AB4ESQBkBP8AHgRJAGQE/wAeBEkAZASNALgEIgBaBI0AuAQiAFoEjQC4BCIAWgSNALgEIgBaBI0ARAQiAA8EjQC4BCIAWgSNALgEIgBaBI0AuAQiAFoCIQDEAcgAmQIhALkBywCNBWoAfQR7AFoFagB9BHsAWgVqAH0EewBaBWoAfQR7ABQFagB9BHsAWgVqAH0EewBaBWoAfQR7AFoFlACEBHoAWQWUAIQEegBZBZQAhAR6AFkFlACEBHoAWQWUAIQEegBZBUIAogRlAJgFQgCiBGUAmAVyAKIEsACYBXIAogSwAJgFcgCiBLAAmAVyAKIEsACYBXIAogSwAJgEygAYA80AIATKABgDzQAgBMoAGAPNACAEkABsBMcANAPNACgFUwCsBEIAbgRqALkDXwCjBgoAJAS4//YEZACcBOb//QTm//0EagArA18AAAUw//MEAv/1BMoAGAPqACwE5QA3A+QAMARZAGsEgAAZBiwAfQRvAGkEbwBiBG8AQwRvAKgEgwCWBJcAfgSDAGUElwCMBXgAkQRwAGwFrgC4BGUAnAT/AB4ESQBkBI0AkAQiAFoCIf82Acj/CwVqAH0EewBaBRQAhAKx/78FQgCiBGUAYgSu/uwE5wC4BG8AmwU9ALgEcgBsBT0AuARyAGwFqQC4BGQAnAUMALgD6wCcBQwAuAPrAJwENwC4AcsAjwbsALgHFwCWBa4AuARlAJwFagB9BO0AuARvAJsFFAC1ArEAhgS9AFgEDQBlBMcANAKSABcFQgCiBO8AHwPZACYE7wAfA9kAJgcsAD0GCAA/BMkAWgPkAFcFsP6DBFMAFwQk/4oFGP+fAhb/qwSz//wEX/88BPEAJwRTABcEPACaA+gAmgQgAEsE3ACaAdoAsQRYAJoF9QCaBOAAmgSpAGkEQACaBCEAKwQjABUEOQAqAdr/wwQjABUD6ACaA7EAmgQYAEoB2gCxAdr/wwPLADsEWACaBBQAIARTABcEPACaA7EAmgPoAJoE6ACaBfUAmgTcAJoEqQBpBMQAmgRAAJoEeABtBCEAKwQ5ACoENQBOBNwAmgR4AG0EIwAVBZIACwToAJoEFAAgBV8AaQWlALEGJQAOBKkAaQQYAEoGJwAyBicAMgYnADIEIwAVBP8AHgRJAGQEjQC4BCIAWgRTABcD6ACaAcgAjQABAAAHbP4MAAAJN/og/kUJGgABAAAAAAAAAAAAAAAAAAAFDgADBG8BLAAFAAAFmgUzAAABHwWaBTMAAAPRAGYCAAAAAgAAAAAAAAAAAOAAAv9QACBbAAAAIAAAAABHT09HAEAAAP/9BgD+AABmB5oCACAAAZ8AAAAABDoFsAAgACAAAwAAAAEAAAUQCQoEAAACAgIDBQUHBgIDAwQFAgMCBAUFBQUFBQUFBQUCAgUFBQQIBgYGBgUFBgYCBQYFCAYGBgYGBQUGBggGBQUCBAIEBAMFBQUFBQMFBQICBAIIBQUFBQMFAwUEBwQEBAMCAwYCBQUHBQIFBAcEBAUHBAMFAwMDBQQCAgMEBAcHBwQIBQYFBQgFBQUFBQYCBQUCBgUICAIGAwYFBgUCBQQEBAQCAwIEAwMAAAAAAAACBAIFBgYGBQYFBgYGBQUEBQUEBQUDBQQFBQUFBQUGBgcFBQcHBgoKBwYGBwgFBgYGBwYGCAgHCAYGCAYFBQQFBwUFBQUHBQUEBwUFBwcGBwUFBwUFBQgIBQUIBwUIBwUFCAcHBgoIBQQGBQYEBgUIBwgHBgUFAAAAAAAABgUFBgUFBAUECAcGBQYFBwYGBQkHCQgHBQYECAYGBQYFBgcFBgUGBQYFBgUIBwYFBQUEBgQFBwgHBgUFCQcJBwYFBgYGBgUDBQkFCQMCAgUCAgEBAAMDBgcEAgICAgMDAwUFAwQGAgkDAwQDBAUHBwkHBwUGBAUGBgcECQYGBwgIBwUGBQUFCgIFBQUFBQIDAgUFBQcHBQcACQkDAwMFBQUFBQUFBQUFBQUFBwUFBQUFBQUFBQcEBQQCBQUEBQUEBAUFBQQFBAYGBgYFCAgGBQUGBwUGBQUFBgUHBwYGBQUHBQUHBQUGBgUFBwUFBgUFBQUECQUDAwMDAwMDBAMEBQUGBgQGBAUFBQUCBAAEBAUEBAQEAwMDAwMDAwYGBgYGBAUFBQUFBAIIBQIFBQUFBQUFBQUFAgICAgIFBgQFBQUFBQUFBQUEBQQHBAUFBQIDBgYFBQMGBgYGBgYGBgUFBQUCAgICBgYGBgYGBgYGBgUFBQUFBQUFBQUFBQUCAgICBQUFBQUFBQUFBQQEBgUGBQYFBgUGBQYFBgUGBgUFBQUFBQUFBQUGBQYFBgUGBQYFAgICAgICAgICBwQFAgYEBQIFAgUDBQMGBQYFBgUFBgUGBQYFBgMGAwYDBQUFBQUFBQUFBQUDBQMFAwYFBgUGBQYFBgUGBQgHBQQFBQQFBAUECAgGBQUFBQUFBQUFBQUFBAQEBAICAgIFBQUFBQUFBQUFBQUFBQUFBQUFBAQEBAQFBQUFBQICAgICBAUEBAQEBQUFBQUFBQUFBQUFBQUFBQUFBQUFBQcFBQUFBQYFBgIGBgYDBgYFBQYCBggGBgYFBQYCBQUFBQMFBQUFBAQDBQUFBwUFBQICBQYGBgYGBQUGCAYGBgYGBQYFBQUFBQUEBAUEBQICAgUECAcIBwgHBQQCAwQCAggIBgUFBgUFBgYGBAkKBQUGBQUEAggHAgYFBgUICAUFBgUFCAcFBQYFBgUGBQYFBgUGBQYEBgQGBAYFCAcFBgUGBQYFBgUGBQYFBgUGBQYFBgUGBQYFBQUFBQUFBQUFBQUFBQUFBQICAgIGBQYFBgUGBQYFBgUGBQYFBgUGBQYFBgUGBQYFBgUGBQYFBgUGBQUEBQQFBAUFBAYFBQQHBQUGBgUEBgUFBAYEBQUHBQUFBQUFBQUGBQYFBgUFBQICBgUGAwYFBQYFBgUGBQYFBgQGBAUCCAgGBQYGBQYDBQUFAwYGBAYECAcFBAYFBQYCBQUGBQUEBQUCBQcFBQUFBQUCBQQEBQICBAUFBQUEBAYHBQUFBQUFBQUFBQUGBgUGBgcFBQcHBwUGBQUFBQQCAAAAAwAAAAMAAAAcAAMAAQAAABwAAwAKAAAGigAEBm4AAAD0AIAABgB0AAAAAgANAH4AoACsAK0AvwDGAM8A5gDvAP4BDwERASUBJwEwAVMBXwFnAX4BfwGPAZIBoQGwAfAB/wIbAjcCWQK8AscCyQLdAvMDAQMDAwkDDwMjA4oDjAOSA6EDsAO5A8kDzgPSA9YEJQQvBEUETwRiBG8EeQSGBJ8EqQSxBLoEzgTXBOEE9QUBBRAFEx4BHj8ehR7xHvMe+R9NIAkgCyARIBUgHiAiICcgMCAzIDogPCBEIHQgfyCkIKogrCCxILogvSEFIRMhFiEiISYhLiFeIgIiBiIPIhIiGiIeIisiSCJgImUlyu4C9sP7BP7///3//wAAAAAAAgANACAAoAChAK0ArgDAAMcA0ADnAPAA/wEQARIBJgEoATEBVAFgAWgBfwGPAZIBoAGvAfAB+gIYAjcCWQK8AsYCyQLYAvMDAAMDAwkDDwMjA4QDjAOOA5MDowOxA7oDygPRA9YEAAQmBDAERgRQBGMEcAR6BIgEoASqBLIEuwTPBNgE4gT2BQIFER4AHj4egB6gHvIe9B9NIAAgCiAQIBMgFyAgICUgMCAyIDkgPCBEIHQgfyCjIKYgqyCxILkgvCEFIRMhFiEiISYhLiFbIgIiBiIPIhEiGiIeIisiSCJgImQlyu4B9sP7Af7///z//wABAAD/9v/kAdj/wgHM/8EAAAG/AAABugAAAbYAAAG0AAABsgAAAaoAAAGs/xb/B/8F/vj+6wHuAAAAAP5l/kQBI/3Y/df9yf20/aj9p/2i/Z39igAA//7//QAAAAD9CgAA/978/vz7AAD8ugAA/LIAAPynAAD8oQAA/JkAAPyRAAD/KAAA/yUAAPxeAADl4uWi5VPlfuTn5XzlfeFy4XPhbwAA4Wzha+Fp4WHjqeFZ46HhUOEh4RcAAODyAADg7eDm4OXgnuCR4I/ghN+U4HngTd+q3qzfnt+d35bfk9+H32vfVN9R2+0Ttwr3BrsCwwHHAAEAAAAAAAAAAAAAAAAAAAAAAOQAAADuAAABGAAAATIAAAEyAAABMgAAAXQAAAAAAAAAAAAAAAAAAAF0AX4AAAAAAAAAAAAAAAAAAAAAAAAAAAAAAAABbAAAAAABdAGQAAABqAAAAAAAAAHAAAACCAAAAjAAAAJSAAACYgAAAo4AAAKaAAACvgAAAs4AAALiAAAAAAAAAAAAAAAAAAAAAAAAAAAC0gAAAAAAAAAAAAAAAAAAAAAAAAAAAsIAAALCAAAAAAAAAAAAAAAAAAAAAAAAAAAAAAAAAAAAAAAAAAAAAAAAAAAAAAAAAAAAAAAAAAAAAAAAAn8CgAKBAoICgwKEAIECewKPApACkQKSApMClACCAIMClQKWApcCmAKZAIQAhQKaApsCnAKdAp4CnwCGAIcCqgKrAqwCrQKuAq8AiACJArACsQKyArMCtACKAnoAiwCMAnwAjQLjAuQC5QLmAucC6ACOAukC6gLrAuwC7QLuAu8C8ACPAJAC8QLyAvMC9AL1AvYC9wCRAJIC+AL5AvoC+wL8Av0AkwCUAwwDDQMQAxEDEgMTAn0CfgKFAqADKwMsAy0DLgMKAwsDDgMPAK4ArwOGALADhwOIA4kAsQCyA5ADkQOSALMDkwOUALQDlQOWALUDlwC2A5gAtwOZA5oAuAObALkAugOcA50DngOfA6ADoQOiA6MAxAOlA6YAxQOkAMYAxwDIAMkAygDLAMwDpwDNAM4D5AOtANIDrgDTA68DsAOxA7IA1ADVANYDtAPlA7UA1wO2ANgDtwO4ANkDuQDaANsA3AO6A7MA3QO7A7wDvQO+A78DwAPBAN4A3wPCA8MA6gDrAOwA7QPEAO4A7wDwA8UA8QDyAPMA9APGAPUDxwPIAPYDyQD3A8oD5gPLAQIDzAEDA80DzgPPA9ABBAEFAQYD0QPnA9IBBwEIAQkEgQPoA+kBFwEYARkBGgPqA+sD7QPsASgBKQEqASsEgAEsAS0BLgEvATAEggSDATEBMgEzATQD7gPvATUBNgE3ATgEhASFA/AD8QR3BHgD8gPzBIYEhwR/AUwBTQR9BH4D9AP1A/YBTgFPAVABUQFSAVMBVAFVBHkEegFWAVcBWAQBBAAEAgQDBAQEBQQGAVkBWgR7BHwEGwQcAVsBXAFdAV4EiASJAV8EHQSKAW8BcAGBAYIEjASLAZcEdgGdAAwAAAAAC7wAAAAAAAAA+QAAAAAAAAAAAAAAAQAAAAIAAAACAAAAAgAAAA0AAAANAAAAAwAAACAAAAB+AAAABAAAAKAAAACgAAACeAAAAKEAAACsAAAAYwAAAK0AAACtAAACeQAAAK4AAAC/AAAAbwAAAMAAAADFAAACfwAAAMYAAADGAAAAgQAAAMcAAADPAAAChgAAANAAAADQAAACewAAANEAAADWAAACjwAAANcAAADYAAAAggAAANkAAADdAAAClQAAAN4AAADfAAAAhAAAAOAAAADlAAACmgAAAOYAAADmAAAAhgAAAOcAAADvAAACoQAAAPAAAADwAAAAhwAAAPEAAAD2AAACqgAAAPcAAAD4AAAAiAAAAPkAAAD9AAACsAAAAP4AAAD+AAAAigAAAP8AAAEPAAACtQAAARAAAAEQAAACegAAAREAAAERAAAAiwAAARIAAAElAAACxgAAASYAAAEmAAAAjAAAAScAAAEnAAACfAAAASgAAAEwAAAC2gAAATEAAAExAAAAjQAAATIAAAE3AAAC4wAAATgAAAE4AAAAjgAAATkAAAFAAAAC6QAAAUEAAAFCAAAAjwAAAUMAAAFJAAAC8QAAAUoAAAFLAAAAkQAAAUwAAAFRAAAC+AAAAVIAAAFTAAAAkwAAAVQAAAFfAAAC/gAAAWAAAAFhAAADDAAAAWIAAAFlAAADEAAAAWYAAAFnAAACfQAAAWgAAAF+AAADFAAAAX8AAAF/AAAAlQAAAY8AAAGPAAAAlgAAAZIAAAGSAAAAlwAAAaAAAAGhAAAAmAAAAa8AAAGwAAAAmgAAAfAAAAHwAAAD3gAAAfoAAAH6AAAChQAAAfsAAAH7AAACoAAAAfwAAAH/AAADKwAAAhgAAAIZAAADCgAAAhoAAAIbAAADDgAAAjcAAAI3AAAAnAAAAlkAAAJZAAAAnQAAArwAAAK8AAAD3wAAAsYAAALHAAAAngAAAskAAALJAAAAoAAAAtgAAALdAAAAoQAAAvMAAALzAAAApwAAAwAAAAMBAAAAqAAAAwMAAAMDAAAAqgAAAwkAAAMJAAAAqwAAAw8AAAMPAAAArAAAAyMAAAMjAAAArQAAA4QAAAOFAAAArgAAA4YAAAOGAAADhgAAA4cAAAOHAAAAsAAAA4gAAAOKAAADhwAAA4wAAAOMAAADigAAA44AAAOSAAADiwAAA5MAAAOUAAAAsQAAA5UAAAOXAAADkAAAA5gAAAOYAAAAswAAA5kAAAOaAAADkwAAA5sAAAObAAAAtAAAA5wAAAOdAAADlQAAA54AAAOeAAAAtQAAA58AAAOfAAADlwAAA6AAAAOgAAAAtgAAA6EAAAOhAAADmAAAA6MAAAOjAAAAtwAAA6QAAAOlAAADmQAAA6YAAAOmAAAAuAAAA6cAAAOnAAADmwAAA6gAAAOpAAAAuQAAA6oAAAOwAAADnAAAA7EAAAO5AAAAuwAAA7oAAAO6AAADowAAA7sAAAO7AAAAxAAAA7wAAAO9AAADpQAAA74AAAO+AAAAxQAAA78AAAO/AAADpAAAA8AAAAPGAAAAxgAAA8cAAAPHAAADpwAAA8gAAAPJAAAAzQAAA8oAAAPOAAADqAAAA9EAAAPSAAAAzwAAA9YAAAPWAAAA0QAABAAAAAQAAAAD5AAABAEAAAQBAAADrQAABAIAAAQCAAAA0gAABAMAAAQDAAADrgAABAQAAAQEAAAA0wAABAUAAAQIAAADrwAABAkAAAQLAAAA1AAABAwAAAQMAAADtAAABA0AAAQNAAAD5QAABA4AAAQOAAADtQAABA8AAAQPAAAA1wAABBAAAAQQAAADtgAABBEAAAQRAAAA2AAABBIAAAQTAAADtwAABBQAAAQUAAAA2QAABBUAAAQVAAADuQAABBYAAAQYAAAA2gAABBkAAAQZAAADugAABBoAAAQaAAADswAABBsAAAQbAAAA3QAABBwAAAQiAAADuwAABCMAAAQkAAAA3gAABCUAAAQlAAADwgAABCYAAAQvAAAA4AAABDAAAAQwAAADwwAABDEAAAQ0AAAA6gAABDUAAAQ1AAADxAAABDYAAAQ4AAAA7gAABDkAAAQ5AAADxQAABDoAAAQ9AAAA8QAABD4AAAQ+AAADxgAABD8AAAQ/AAAA9QAABEAAAARBAAADxwAABEIAAARCAAAA9gAABEMAAARDAAADyQAABEQAAAREAAAA9wAABEUAAARFAAADygAABEYAAARPAAAA+AAABFAAAARQAAAD5gAABFEAAARRAAADywAABFIAAARSAAABAgAABFMAAARTAAADzAAABFQAAARUAAABAwAABFUAAARYAAADzQAABFkAAARbAAABBAAABFwAAARcAAAD0QAABF0AAARdAAAD5wAABF4AAAReAAAD0gAABF8AAARhAAABBwAABGIAAARiAAAEgQAABGMAAARvAAABCgAABHAAAARxAAAD6AAABHIAAAR1AAABFwAABHYAAAR3AAAD6gAABHgAAAR4AAAD7QAABHkAAAR5AAAD7AAABHoAAASGAAABGwAABIgAAASLAAABKAAABIwAAASMAAAEgAAABI0AAASRAAABLAAABJIAAASTAAAEggAABJQAAASXAAABMQAABJgAAASZAAAD7gAABJoAAASdAAABNQAABJ4AAASfAAAEhAAABKAAAASpAAABOQAABKoAAASrAAAD8AAABKwAAAStAAAEdwAABK4AAASvAAAD8gAABLAAAASxAAAEhgAABLIAAAS6AAABQwAABLsAAAS7AAAEfwAABLwAAAS9AAABTAAABL4AAAS/AAAEfQAABMAAAATCAAAD9AAABMMAAATKAAABTgAABMsAAATMAAAEeQAABM0AAATOAAABVgAABM8AAATXAAAD9wAABNgAAATYAAABWAAABNkAAATZAAAEAQAABNoAAATaAAAEAAAABNsAAATfAAAEAgAABOAAAAThAAABWQAABOIAAAT1AAAEBwAABPYAAAT3AAAEewAABPgAAAT5AAAEGwAABPoAAAT9AAABWwAABP4AAAT/AAAEiAAABQAAAAUAAAABXwAABQEAAAUBAAAEHQAABQIAAAUQAAABYAAABREAAAURAAAEigAABRIAAAUTAAABbwAAHgAAAB4BAAAD4gAAHj4AAB4/AAAD4AAAHoAAAB6FAAAD0wAAHqAAAB7xAAAEHgAAHvIAAB7zAAAD2QAAHvQAAB75AAAEcAAAH00AAB9NAAAEygAAIAAAACAJAAABcgAAIAoAACALAAABfQAAIBAAACARAAABfwAAIBMAACAUAAABgQAAIBUAACAVAAAEjAAAIBcAACAeAAABgwAAICAAACAiAAABiwAAICUAACAnAAABjgAAIDAAACAwAAABkQAAIDIAACAzAAAD2wAAIDkAACA6AAABkgAAIDwAACA8AAAD3QAAIEQAACBEAAABlAAAIHQAACB0AAABlQAAIH8AACB/AAABlgAAIKMAACCjAAAEiwAAIKQAACCkAAABlwAAIKYAACCqAAABmAAAIKsAACCrAAAEdgAAIKwAACCsAAABnQAAILEAACCxAAABngAAILkAACC6AAABnwAAILwAACC9AAABoQAAIQUAACEFAAABowAAIRMAACETAAABpAAAIRYAACEWAAABpQAAISIAACEiAAABpgAAISYAACEmAAAAugAAIS4AACEuAAABpwAAIVsAACFeAAABqAAAIgIAACICAAABrAAAIgYAACIGAAAAsgAAIg8AACIPAAABrQAAIhEAACISAAABrgAAIhoAACIaAAABsAAAIh4AACIeAAABsQAAIisAACIrAAABsgAAIkgAACJIAAABswAAImAAACJgAAABtAAAImQAACJlAAABtQAAJcoAACXKAAABtwAA7gEAAO4CAAABuAAA9sMAAPbDAAABugAA+wEAAPsEAAABvAAA/v8AAP7/AAABwgAA//wAAP/9AAABwwAAsAAsS7AJUFixAQGOWbgB/4WwRB2xCQNfXi2wASwgIEVpRLABYC2wAiywASohLbADLCBGsAMlRlJYI1kgiiCKSWSKIEYgaGFksAQlRiBoYWRSWCNlilkvILAAU1hpILAAVFghsEBZG2kgsABUWCGwQGVZWTotsAQsIEawBCVGUlgjilkgRiBqYWSwBCVGIGphZFJYI4pZL/0tsAUsSyCwAyZQWFFYsIBEG7BARFkbISEgRbDAUFiwwEQbIVlZLbAGLCAgRWlEsAFgICBFfWkYRLABYC2wByywBiotsAgsSyCwAyZTWLBAG7AAWYqKILADJlNYIyGwgIqKG4ojWSCwAyZTWCMhsMCKihuKI1kgsAMmU1gjIbgBAIqKG4ojWSCwAyZTWCMhuAFAioobiiNZILADJlNYsAMlRbgBgFBYIyG4AYAjIRuwAyVFIyEjIVkbIVlELbAJLEtTWEVEGyEhWS2wCiywKkUtsAsssCtFLbAMLLEnAYggilNYuUAABABjuAgAiFRYuQAqA+hwWRuwI1NYsCCIuBAAVFi5ACoD6HBZWVktsA0ssECIuCAAWlixKwBEG7kAKwPoRFktsAwrsAArALIBDAIrAbINAQIrAbcNOjApHhIACCsAtwFtWUUyHQAIK7cCfmdQOB0ACCu3A3ZgSzYdAAgrtwSDZE46HQAIK7cFRzopHhIACCu3BpF3XDojAAgrtwdtWUUyHQAIK7cIUUI0JRcACCu3CTkvJBoQAAgrtwqRd1w6IwAIK7cLdmBLNh0ACCu3DKGEZ0osAAgrALIODgcrsAAgRX1pGESysBIBc7JQEgF0soASAXSycBIBdbI/GgFzsl8aAXOyfxoBc7IvGgF0sk8aAXSybxoBdLKPGgF0sq8aAXSy/xoBdLIfGgF1sj8aAXWyXxoBdbJ/GgF1sg8eAXOybx4BdbJ/HgFzsu8eAXOyHx4BdLJfHgF0so8eAXSyzx4BdLL/HgF0sj8eAXWyLyABc7JvIAFzsj8oAXMAAAAqAGgAWgBgAFYAoABOAG4AjADIAE4AYABGAMQAAAAU/mAAFAKbABD/OQAN/pcAEgMhAAsEOgAUBI0AEAWwABQGGAAVBsAAEAJbABIHBAAFBtkABgAAAAAAAAAPALoAAwABBAkAAABeAAAAAwABBAkAAQAYAF4AAwABBAkAAgAOAHYAAwABBAkAAwAYAF4AAwABBAkABAAYAF4AAwABBAkABQAmAIQAAwABBAkABgAYAKoAAwABBAkABwBAAMIAAwABBAkACQAMAQIAAwABBAkACwAUAQ4AAwABBAkADAAmASIAAwABBAkADQBcAUgAAwABBAkADgBUAaQAAwABBAkAEAAMAfgAAwABBAkAEQAKAgQAQwBvAHAAeQByAGkAZwBoAHQAIAAyADAAMQAxACAARwBvAG8AZwBsAGUAIABJAG4AYwAuACAAQQBsAGwAIABSAGkAZwBoAHQAcwAgAFIAZQBzAGUAcgB2AGUAZAAuAFIAbwBiAG8AdABvACAATABpAGcAaAB0AFIAZQBnAHUAbABhAHIAVgBlAHIAcwBpAG8AbgAgADIALgAxADMANwA7ACAAMgAwADEANwBSAG8AYgBvAHQAbwAtAEwAaQBnAGgAdABSAG8AYgBvAHQAbwAgAGkAcwAgAGEAIAB0AHIAYQBkAGUAbQBhAHIAawAgAG8AZgAgAEcAbwBvAGcAbABlAC4ARwBvAG8AZwBsAGUARwBvAG8AZwBsAGUALgBjAG8AbQBDAGgAcgBpAHMAdABpAGEAbgAgAFIAbwBiAGUAcgB0AHMAbwBuAEwAaQBjAGUAbgBzAGUAZAAgAHUAbgBkAGUAcgAgAHQAaABlACAAQQBwAGEAYwBoAGUAIABMAGkAYwBlAG4AcwBlACwAIABWAGUAcgBzAGkAbwBuACAAMgAuADAAaAB0AHQAcAA6AC8ALwB3AHcAdwAuAGEAcABhAGMAaABlAC4AbwByAGcALwBsAGkAYwBlAG4AcwBlAHMALwBMAEkAQwBFAE4AUwBFAC0AMgAuADAAUgBvAGIAbwB0AG8ATABpAGcAaAB0AAMAAAAAAAD/agBkAAAAAAAAAAAAAAAAAAAAAAAAAAAAAQACAAgAAv//AA8AAQACAA4AAAAAAAACKAACAFkAJQA+AAEARQBeAAEAeQB5AAEAgQCBAAEAgwCDAAEAhgCGAAEAiQCJAAEAiwCWAAEAmACdAAEApACkAAEAqACtAAMAsQCxAAEAugC7AAEAvwC/AAEAwQDBAAEAwwDDAAEAxwDHAAEAywDLAAEAzQDOAAEA0ADRAAEA0wDTAAEA2gDeAAEA4QDhAAEA5QDlAAEA5wDpAAEA6wD7AAEA/QD9AAEA/wEBAAEBAwEDAAEBCAEJAAEBFgEaAAEBHAEcAAEBIAEiAAEBJAElAAMBKgErAAEBMwE0AAEBNgE2AAEBOwE8AAEBQQFEAAEBRwFIAAEBSwFNAAEBUQFRAAEBVAFYAAEBXQFeAAEBYgFiAAEBZAFkAAEBaAFoAAEBagFsAAEBbgFuAAEBcAFwAAEBugG6AAMBuwHBAAIB0gHmAAEB6gHqAAEB8wHzAAEB9QH1AAEB/AH+AAECAAIBAAECAwIDAAECBwIHAAECCQILAAECEQIRAAECFgIYAAECGgIaAAECKAIoAAECKwIrAAECLQItAAECMAIzAAECXwJjAAECegLiAAEC5QOLAAEDjQOkAAEDpgOyAAEDtAO9AAEDvwPaAAED3gPeAAED4APnAAED6QPrAAED7gPyAAED9AR8AAEEfwR/AAEEggSDAAEEhQSGAAEEiASLAAEElQTQAAEE0gTxAAEE8wT6AAEE/AT9AAEFBwUNAAEAAQACAAAADAAAACwAAQAOAKgAqACpAKkAqgCqAKsAqwCsAKwBJAElASYBJwABAAUAeQCkAK0ArQG6AAAAAQAAAAoAMgBMAARERkxUABpjeXJsABpncmVrABpsYXRuABoABAAAAAD//wACAAAAAQACY3BzcAAOa2VybgAUAAAAAQAAAAAAAQABAAIABgIQAAEAAAABAAgAAQAKAAUAJABIAAEA+gAIAAoAFAAVABYAFwAYABkAGgAbABwAHQAlACYAJwAoACkAKgArACwALQAuAC8AMAAxADIAMwA0ADUANgA3ADgAOQA6ADsAPAA9AD4AZQBnAIEAgwCEAIwAjwCRAJMAsQCyALMAtAC1ALYAtwC4ALkAugDSANMA1ADVANYA1wDYANkA2gDbANwA3QDeAN8A4ADhAOIA4wDkAOUA5gDnAOgA6QEvATMBNQE3ATkBOwFBAUMBRQFJAUsBTAFYAVkBlwGdAaIBpQJ6AnsCfQJ/AoACgQKCAoMChAKFAoYChwKIAokCigKLAowCjQKOAo8CkAKRApICkwKUApUClgKXApgCmQK2ArgCugK8Ar4CwALCAsQCxgLIAsoCzALOAtAC0gLUAtYC2ALaAtwC3gLgAuIC4wLlAucC6QLrAu0C7wLxAvMC9QL4AvoC/AL+AwADAgMEAwYDCAMKAwwDDgMQAxIDFAMWAxgDGgMcAx4DIAMiAyQDJQMnAykDKwMtA4YDhwOIA4kDigOLA4wDjgOPA5ADkQOSA5MDlAOVA5YDlwOYA5kDmgObA5wDnQOtA64DrwOwA7EDsgOzA7QDtQO2A7cDuAO5A7oDuwO8A70DvgO/A8ADwQPCA9MD1QPXA9kD7gPwA/IEBwQNBBMEfQSCBIYFBwUJAAIAAAACAAo6GAABA/IABAAAAfQHzjTGNMYH/AheNv43rjTMOcw3eghkOBg4GDe4OAI4GDgYOcw4RAwCDNA4ijlYOZQ03jaEObINRjdcOGY1jA2MODoOwjg6ODo3iDhmOHwPxDl2ECY1PDl2EEA4ZjnMEIY1xjb+Ocw2/hEIEgYTCBPqFIw5dhSSFJw4OheGGXgaahtwG4YbjBuSHowekh7MHwIfjDWgNaAhvjgYImAjXjTeJcA4GDgYNUI4GDgYOBgmljWgOBg1oChAKQYpmCn6KuA1lituNTwzRiuYLXI4ZjEAMTozJDMkOGYycDL6MyQzJDMkNv43iDlYOXYzRjhmNcY1ljTeNTw3uDe4N7g4GDTeNTw4GDgYOcw1ljTeNTw0xjNwNMY0xjTGOgg0EjRgOgI0vDnqOfA6AjnwOeo56jnqOeo0rjnwNMw5zDnMOcw5zDiKNv42/jb+Nv42/jb+Nv40zDd6N3o3ejd6OBg4GDgYOBg4GDnMOcw5zDnMOcw2hDdcN1w3XDdcN1w3XDdcNYw1jDWMNYw4OjeIN4g3iDeIN4g5djl2Nv43XDb+N1w2/jdcNMw0zDTMNMw5zDd6NYw3ejWMN3o1jDd6NYw3ejWMOBg4OjgYOBg4GDgYOBg3uDgCOAI4AjgCOBg4OjgYODo4GDg6ODo5zDeIOcw3iDnMN4g4fDh8OHw4ijiKOIo5lDaEOXY2hDmyObI5sjoCOgI6CDnwOfA58DnwOfA58DnwOgI6AjoCOgI6AjnwOfA58DoCOeo0vDS8NLw0vDoCOgI6AjoINv43ejgYOBg5zDaENv43rjd6ObI4GDgYN7g4GDgYOcw4RDiKNoQ03jgYNoQ4OjeIOXY3iDd6NcY4GDgYN7g3uDVCNv43rjXGN3o4GDgYOcw4RDTMOIo03jdcNYw3iDhmOXY1PDWMNZY5djmUOZQ5lDaEOXY0xjTGNMY4GDg6Nv43XDd6NYw5WDl2NMw2hDl2OBg03jU8OBg2/jdcNv43XDd6NYw1jDWMNN41PDnMN4g3iDhmNUI5djVCOXY1Qjl2Nv43XDb+N1w2/jdcNv43XDb+N1w2/jdcNv43XDb+N1w2/jdcNv43XDb+N1w2/jdcN3o1jDd6NYw3ejWMN3o1jDd6NYw3ejWMN3o1jDd6NYw4GDgYOcw3iDnMN4g5zDeIOcw3iDnMN4g5zDeIOcw3iDeINoQ5djaEOXY2hDl2OIo1xjWWODo1oDXGN7g2hDgYODo2/jdcN3o4GDnMN4g4fDeuOGY5zDnMOBg4Oje4N7g4AjgYODo4GDg6Ocw4RDhmOHw4ijlYOXY5WDl2OZQ5sjnMOfA6AjnwOeo6CDnqOfA6AjoIAAIApAAEAAQAAAAGAAYAAQALAAwAAgATABMABAAlACoABQAsAC0ACwAvADYADQA4ADgAFQA6AD8AFgBFAEYAHABJAEoAHgBMAEwAIABPAE8AIQBRAFQAIgBWAFYAJgBYAFgAJwBaAF0AKABfAF8ALACKAIoALQCWAJYALgCdAJ0ALwCxALUAMAC3ALkANQC7ALsAOAC9AL4AOQDAAMEAOwDDAMUAPQDHAM4AQADSANIASADUAN4ASQDgAO8AVADxAPEAZAD2APgAZQD7APwAaAD+AQAAagEDAQUAbQEKAQoAcAENAQ0AcQEYARoAcgEiASIAdQEuATAAdgEzATUAeQE3ATcAfAE5ATkAfQE7ATsAfgFDAUQAfwFUAVQAgQFWAVYAggFYAVgAgwFcAV4AhAGEAYUAhwGHAYkAiQHYAdgAjAHaAdsAjQHdAd0AjwHgAeEAkAHrAe0AkgH/Af8AlQIOAhAAlgIwAjAAmQIzAjMAmgJFAkUAmwJHAkgAnAJ6AnsAngJ9An0AoAJ/ApQAoQKZAqAAtwKiAqUAvwKqAq8AwwK0ArwAyQK+Ar4A0gLAAsAA0wLCAsIA1ALEAsQA1QLGAs8A1gLYAtoA4ALcAtwA4wLeAt4A5ALgAuAA5QLiAuIA5gLnAucA5wLpAukA6ALrAusA6QLtAu0A6gLvAu8A6wLxAv0A7AL/Av8A+QMBAwEA+gMDAwMA+wMOAw4A/AMQAxAA/QMSAxIA/gMgAyAA/wMiAyUBAAMnAycBBAMpAykBBQMvAzgBBgNDA0cBEANNA08BFQNUA1QBGANlA2kBGQNtA28BHgN4A3gBIQOGA4sBIgOOA50BKAOgA6ABOAOkA6QBOQOmA6YBOgOqA6oBOwOtA64BPAOwA7EBPgOzA7kBQAO7A70BRwO/A8QBSgPGA8cBUAPJA8wBUgPSA9MBVgPVA9UBWAPXA9cBWQPZA9wBWgPfA+QBXgPmA+YBZAPqA+sBZQPwA/ABZwPyA/sBaAP+A/8BcgQBBAQBdAQLBAwBeAQQBBABegQSBBgBewQeBEYBggRIBEgBqwRKBFcBrARfBF8BugRwBHUBuwR3BHcBwQR7BHwBwgR/BH8BxASBBIIBxQSEBIQBxwSGBIYByASXBJsByQSdBJ0BzgSfBKABzwSiBKIB0QSmBKgB0gSqBKoB1QSsBK4B1gSwBLAB2QSyBLIB2gS0BLoB2wS8BLwB4gS/BL8B4wTCBMYB5ATIBMgB6QTKBMsB6gTPBM8B7ATSBNIB7QTYBNgB7gTdBN0B7wToBOgB8ATqBOoB8QTxBPEB8gT1BPUB8wALADj/2ADS/9gA1v/YATn/2AFF/9gDDv/YAxD/2AMS/9gDwf/YBHf/2AS//9gAGAA6ABQAOwASAD0AFgEZABQCmQAWAyAAEgMiABYDJAAWA4sAFgOaABYDnQAWA9MAEgPVABID1wASA9kAFgPqABQD8gAWBHAAFgRyABYEdAAWBIYAFgTCABQExAAUBMYAEgABABP/IADnABD/FgAS/xYAJf9WAC7++AA4ABQARf/eAEf/6wBI/+sASf/rAEv/6wBT/+sAVf/rAFb/5gBZ/+oAWv/oAF3/6ACU/+sAmf/rAJv/6gCy/1YAtP9WALv/6wC9/+gAyP/rAMn/6wDL/+oA0gAUANYAFAD3/+sBA//rAQ3/VgEY/+sBGv/oAR7/6wEi/+sBOQAUAUL/6wFFABQBYP/rAWH/6wFr/+sBhv8WAYr/FgGO/xYBj/8WAev/wAHt/8ACM//AAn//VgKA/1YCgf9WAoL/VgKD/1YChP9WAoX/VgKa/94Cm//eApz/3gKd/94Cnv/eAp//3gKg/94Cof/rAqL/6wKj/+sCpP/rAqX/6wKr/+sCrP/rAq3/6wKu/+sCr//rArD/6gKx/+oCsv/qArP/6gK0/+gCtf/oArb/VgK3/94CuP9WArn/3gK6/1YCu//eAr3/6wK//+sCwf/rAsP/6wLF/+sCx//rAsn/6wLL/+sCzf/rAs//6wLR/+sC0//rAtX/6wLX/+sC5f74Avn/6wL7/+sC/f/rAw4AFAMQABQDEgAUAxX/6gMX/+oDGf/qAxv/6gMd/+oDH//qAyP/6AMy/8ADM//AAzT/wAM1/8ADNv/AAzf/wAM4/8ADTf/AA07/wANP/8ADhv9WA47/VgOe/+sDov/qA6T/6wOm/+gDqf/qA6r/6wOr/+oDsv74A7b/VgPBABQDw//eA8T/6wPG/+sDyP/rA8n/6APL/+sD0v/oA9r/6APi/1YD4//eA+b/6wPr/+gD7P/rA/H/6wPz/+gD+P9WA/n/3gP6/1YD+//eA///6wQB/+sEAv/rBAz/6wQO/+sEEP/rBBT/6AQW/+gEGP/oBB3/6wQe/1YEH//eBCD/VgQh/94EIv9WBCP/3gQk/1YEJf/eBCb/VgQn/94EKP9WBCn/3gQq/1YEK//eBCz/VgQt/94ELv9WBC//3gQw/1YEMf/eBDL/VgQz/94ENP9WBDX/3gQ3/+sEOf/rBDv/6wQ9/+sEP//rBEH/6wRD/+sERf/rBEv/6wRN/+sET//rBFH/6wRT/+sEVf/rBFf/6wRZ/+sEW//rBF3/6wRf/+sEYf/rBGP/6gRl/+oEZ//qBGn/6gRr/+oEbf/qBG//6gRx/+gEc//oBHX/6AR3ABQEmf9WBJr/3gSc/+sEoP/rBKT/6gSp/+sEq//rBL8AFATD/+gExf/oBMv/wATS/8AE6v/AADMAOP/VADr/5AA7/+wAPf/dANL/1QDW/9UBGf/kATn/1QFF/9UB6wAOAe0ADgIzAA4Cmf/dAw7/1QMQ/9UDEv/VAyD/7AMi/90DJP/dAzIADgMzAA4DNAAOAzUADgM2AA4DNwAOAzgADgNNAA4DTgAOA08ADgOL/90Dmv/dA53/3QPB/9UD0//sA9X/7APX/+wD2f/dA+r/5APy/90EcP/dBHL/3QR0/90Ed//VBIb/3QS//9UEwv/kBMT/5ATG/+wEywAOBNIADgTqAA4AHQA4/7AAOv/tAD3/0ADS/7AA1v+wARn/7QE5/7ABRf+wApn/0AMO/7ADEP+wAxL/sAMi/9ADJP/QA4v/0AOa/9ADnf/QA8H/sAPZ/9AD6v/tA/L/0ARw/9AEcv/QBHT/0AR3/7AEhv/QBL//sATC/+0ExP/tABEALv/uADn/7gKV/+4Clv/uApf/7gKY/+4C5f/uAxT/7gMW/+4DGP/uAxr/7gMc/+4DHv/uA7L/7gRi/+4EZP/uBMH/7gBNAAYAEAALABAADQAUAEEAEgBH/+gASP/oAEn/6ABL/+gAVf/oAGEAEwCU/+gAmf/oALv/6ADI/+gAyf/oAPf/6AED/+gBHv/oASL/6AFC/+gBYP/oAWH/6AFr/+gBhAAQAYUAEAGHABABiAAQAYkAEAKh/+gCov/oAqP/6AKk/+gCpf/oAr3/6AK//+gCwf/oAsP/6ALF/+gCx//oAsn/6ALL/+gCzf/oAs//6ALR/+gC0//oAtX/6ALX/+gDnv/oA8T/6API/+gDy//oA9sAEAPcABAD3wAQA+b/6APs/+gD8f/oA///6AQB/+gEAv/oBA7/6AQd/+gEN//oBDn/6AQ7/+gEPf/oBD//6ARB/+gEQ//oBEX/6ARZ/+gEW//oBF3/6ARh/+gEnP/oBKn/6ASr/+gAQABH/+wASP/sAEn/7ABL/+wAVf/sAJT/7ACZ/+wAu//sAMj/7ADJ/+wA9//sAQP/7AEe/+wBIv/sAUL/7AFg/+wBYf/sAWv/7AKh/+wCov/sAqP/7AKk/+wCpf/sAr3/7AK//+wCwf/sAsP/7ALF/+wCx//sAsn/7ALL/+wCzf/sAs//7ALR/+wC0//sAtX/7ALX/+wDnv/sA8T/7API/+wDy//sA+b/7APs/+wD8f/sA///7AQB/+wEAv/sBA7/7AQd/+wEN//sBDn/7AQ7/+wEPf/sBD//7ARB/+wEQ//sBEX/7ARZ/+wEW//sBF3/7ARh/+wEnP/sBKn/7ASr/+wAGABT/+wBGP/sAqv/7AKs/+wCrf/sAq7/7AKv/+wC+f/sAvv/7AL9/+wDpP/sA6r/7APG/+wEDP/sBBD/7ARL/+wETf/sBE//7ARR/+wEU//sBFX/7ARX/+wEX//sBKD/7AAGABD/hAAS/4QBhv+EAYr/hAGO/4QBj/+EABEALv/sADn/7AKV/+wClv/sApf/7AKY/+wC5f/sAxT/7AMW/+wDGP/sAxr/7AMc/+wDHv/sA7L/7ARi/+wEZP/sBMH/7AAgAAb/8gAL//IAWv/zAF3/8wC9//MA9v/1ARr/8wGE//IBhf/yAYf/8gGI//IBif/yArT/8wK1//MDI//zA6b/8wPJ//MD0v/zA9r/8wPb//ID3P/yA9//8gPr//MD8//zBBT/8wQW//MEGP/zBHH/8wRz//MEdf/zBMP/8wTF//MAPwAn//MAK//zADP/8wA1//MAg//zAJP/8wCY//MAs//zAMQADQDT//MBCP/zARf/8wEb//MBHf/zAR//8wEh//MBQf/zAWr/8wJF//MCRv/zAkj/8wJJ//MChv/zApD/8wKR//MCkv/zApP/8wKU//MCvP/zAr7/8wLA//MCwv/zAtD/8wLS//MC1P/zAtb/8wL4//MC+v/zAvz/8wMt//MDiv/zA5f/8wO9//MDwP/zA+3/8wPw//MEC//zBA3/8wQP//MESv/zBEz/8wRO//MEUP/zBFL/8wRU//MEVv/zBFj/8wRa//MEXP/zBF7/8wRg//MEn//zBLj/8wBAACf/5gAr/+YAM//mADX/5gCD/+YAk//mAJj/5gCz/+YAuP/CAMQAEADT/+YBCP/mARf/5gEb/+YBHf/mAR//5gEh/+YBQf/mAWr/5gJF/+YCRv/mAkj/5gJJ/+YChv/mApD/5gKR/+YCkv/mApP/5gKU/+YCvP/mAr7/5gLA/+YCwv/mAtD/5gLS/+YC1P/mAtb/5gL4/+YC+v/mAvz/5gMt/+YDiv/mA5f/5gO9/+YDwP/mA+3/5gPw/+YEC//mBA3/5gQP/+YESv/mBEz/5gRO/+YEUP/mBFL/5gRU/+YEVv/mBFj/5gRa/+YEXP/mBF7/5gRg/+YEn//mBLj/5gA4ACX/5AA8/9IAPf/TALL/5AC0/+QAxP/iANr/0gEN/+QBM//SAUP/0gFd/9ICf//kAoD/5AKB/+QCgv/kAoP/5AKE/+QChf/kApn/0wK2/+QCuP/kArr/5AMi/9MDJP/TA4b/5AOL/9MDjv/kA5r/0wOb/9IDnf/TA7b/5APC/9ID2f/TA+L/5APy/9MD9f/SA/j/5AP6/+QEA//SBB7/5AQg/+QEIv/kBCT/5AQm/+QEKP/kBCr/5AQs/+QELv/kBDD/5AQy/+QENP/kBHD/0wRy/9MEdP/TBIb/0wSZ/+QAKAAQ/x4AEv8eACX/zQCy/80AtP/NAMf/8gEN/80Bhv8eAYr/HgGO/x4Bj/8eAn//zQKA/80Cgf/NAoL/zQKD/80ChP/NAoX/zQK2/80CuP/NArr/zQOG/80Djv/NA7b/zQPi/80D+P/NA/r/zQQe/80EIP/NBCL/zQQk/80EJv/NBCj/zQQq/80ELP/NBC7/zQQw/80EMv/NBDT/zQSZ/80AAQDEAA4AAgDK/+0A9v/AALoAR//cAEj/3ABJ/9wAS//cAFH/8wBS//MAU//WAFT/8wBV/9wAWf/dAFr/4QBd/+EAlP/cAJn/3ACb/90Au//cAL3/4QC+/+4Av//mAMH/8wDC/+sAw//pAMX/8ADG/+cAyP/cAMn/3ADK/+MAy//dAMz/zgDN/9QAzv/bAOz/8wDw//MA8f/zAPP/8wD0//MA9f/zAPf/3AD4//MA+v/zAPv/8wD+//MBAP/zAQP/3AEF//MBGP/WARr/4QEe/9wBIv/cASv/8wE2//MBPP/zAT7/8wFC/9wBU//zAVX/8wFX//MBXP/zAWD/3AFh/9wBa//cAqH/3AKi/9wCo//cAqT/3AKl/9wCqv/zAqv/1gKs/9YCrf/WAq7/1gKv/9YCsP/dArH/3QKy/90Cs//dArT/4QK1/+ECvf/cAr//3ALB/9wCw//cAsX/3ALH/9wCyf/cAsv/3ALN/9wCz//cAtH/3ALT/9wC1f/cAtf/3ALy//MC9P/zAvb/8wL3//MC+f/WAvv/1gL9/9YDFf/dAxf/3QMZ/90DG//dAx3/3QMf/90DI//hA57/3AOg//MDov/dA6T/1gOm/+EDqf/dA6r/1gOr/90DxP/cA8X/8wPG/9YDx//zA8j/3APJ/+EDy//cA8z/8wPR//MD0v/hA9r/4QPh//MD5v/cA+f/8wPr/+ED7P/cA/H/3APz/+ED///cBAH/3AQC/9wECP/zBAr/8wQM/9YEDv/cBBD/1gQU/+EEFv/hBBj/4QQc//MEHf/cBDf/3AQ5/9wEO//cBD3/3AQ//9wEQf/cBEP/3ARF/9wES//WBE3/1gRP/9YEUf/WBFP/1gRV/9YEV//WBFn/3ARb/9wEXf/cBF//1gRh/9wEY//dBGX/3QRn/90Eaf/dBGv/3QRt/90Eb//dBHH/4QRz/+EEdf/hBHz/8wSY//MEnP/cBKD/1gSk/90Eqf/cBKv/3AS1//MEt//zBMP/4QTF/+EAfAAG/9oAC//aAEf/8ABI//AASf/wAEv/8ABV//AAWf/vAFr/3ABd/9wAlP/wAJn/8ACb/+8Au//wAL3/3ADC/+wAxAAPAMb/6gDI//AAyf/wAMr/xADL/+8AzP/nAPf/8AED//ABGv/cAR7/8AEi//ABQv/wAWD/8AFh//ABa//wAYT/2gGF/9oBh//aAYj/2gGJ/9oCof/wAqL/8AKj//ACpP/wAqX/8AKw/+8Csf/vArL/7wKz/+8CtP/cArX/3AK9//ACv//wAsH/8ALD//ACxf/wAsf/8ALJ//ACy//wAs3/8ALP//AC0f/wAtP/8ALV//AC1//wAxX/7wMX/+8DGf/vAxv/7wMd/+8DH//vAyP/3AOe//ADov/vA6b/3AOp/+8Dq//vA8T/8API//ADyf/cA8v/8APS/9wD2v/cA9v/2gPc/9oD3//aA+b/8APr/9wD7P/wA/H/8APz/9wD///wBAH/8AQC//AEDv/wBBT/3AQW/9wEGP/cBB3/8AQ3//AEOf/wBDv/8AQ9//AEP//wBEH/8ARD//AERf/wBFn/8ARb//AEXf/wBGH/8ARj/+8EZf/vBGf/7wRp/+8Ea//vBG3/7wRv/+8Ecf/cBHP/3AR1/9wEnP/wBKT/7wSp//AEq//wBMP/3ATF/9wAPAAG/6AAC/+gAEr/6QBZ//EAWv/FAF3/xQCb//EAvf/FAML/7gDEABAAxv/sAMr/IADL//EBGv/FAYT/oAGF/6ABh/+gAYj/oAGJ/6ACsP/xArH/8QKy//ECs//xArT/xQK1/8UDFf/xAxf/8QMZ//EDG//xAx3/8QMf//EDI//FA6L/8QOm/8UDqf/xA6v/8QPJ/8UD0v/FA9r/xQPb/6AD3P+gA9//oAPr/8UD8//FBBT/xQQW/8UEGP/FBGP/8QRl//EEZ//xBGn/8QRr//EEbf/xBG//8QRx/8UEc//FBHX/xQSk//EEw//FBMX/xQBBAEf/5wBI/+cASf/nAEv/5wBV/+cAlP/nAJn/5wC7/+cAxAAPAMj/5wDJ/+cA9//nAQP/5wEe/+cBIv/nAUL/5wFg/+cBYf/nAWv/5wKh/+cCov/nAqP/5wKk/+cCpf/nAr3/5wK//+cCwf/nAsP/5wLF/+cCx//nAsn/5wLL/+cCzf/nAs//5wLR/+cC0//nAtX/5wLX/+cDnv/nA8T/5wPI/+cDy//nA+b/5wPs/+cD8f/nA///5wQB/+cEAv/nBA7/5wQd/+cEN//nBDn/5wQ7/+cEPf/nBD//5wRB/+cEQ//nBEX/5wRZ/+cEW//nBF3/5wRh/+cEnP/nBKn/5wSr/+cABQDK/+oA7f/uAPb/qwE6/+wBbf/sAAEA9v/VAAEAygALAL4ABgAMAAsADABH/+gASP/oAEn/6ABKAAwAS//oAFP/6gBV/+gAWgALAF0ACwCU/+gAmf/oALv/6AC9AAsAvv/tAMYACwDI/+gAyf/oAMoADAD3/+gBA//oARj/6gEaAAsBHv/oASL/6AFC/+gBYP/oAWH/6AFr/+gBhAAMAYUADAGHAAwBiAAMAYkADAHTAA0B1gANAdgADgHZ//UB2//sAd3/7QHl/+wB6/+/Aez/7QHt/78B9AAOAfX/7QH4AA4CEAAOAhH/7QISAA0CFAAOAhr/7QIx/+4CM/+/AqH/6AKi/+gCo//oAqT/6AKl/+gCq//qAqz/6gKt/+oCrv/qAq//6gK0AAsCtQALAr3/6AK//+gCwf/oAsP/6ALF/+gCx//oAsn/6ALL/+gCzf/oAs//6ALR/+gC0//oAtX/6ALX/+gC+f/qAvv/6gL9/+oDIwALAzL/vwMz/78DNP+/AzX/vwM2/78DN/+/Azj/vwM5/+0DQ//tA0T/7QNF/+0DRv/tA0f/7QNMAA0DTf+/A07/vwNP/78DUP/tA1H/7QNS/+0DU//tA1r/7QNb/+0DXP/tA13/7QNt/+0Dbv/tA2//7QNz//UDdP/1A3X/9QN2//UDeAAOA4EADQOCAA0Dnv/oA6T/6gOmAAsDqv/qA8T/6APG/+oDyP/oA8kACwPL/+gD0gALA9oACwPbAAwD3AAMA98ADAPm/+gD6wALA+z/6APx/+gD8wALA///6AQB/+gEAv/oBAz/6gQO/+gEEP/qBBQACwQWAAsEGAALBB3/6AQ3/+gEOf/oBDv/6AQ9/+gEP//oBEH/6ARD/+gERf/oBEv/6gRN/+oET//qBFH/6gRT/+oEVf/qBFf/6gRZ/+gEW//oBF3/6ARf/+oEYf/oBHEACwRzAAsEdQALBJz/6ASg/+oEqf/oBKv/6ATDAAsExQALBMv/vwTP/+0E0AANBNL/vwTeAA0E4QANBOr/vwTx/+0E9P/tBPUADgT5/+0E+gANAAEA9v/YAA4AXP/tAF7/7QDu/+0A9v+qATT/7QFE/+0BXv/tAyb/7QMo/+0DKv/tA8r/7QP2/+0EBP/tBMn/7QANAFz/8gBe//IA7v/yATT/8gFE//IBXv/yAyb/8gMo//IDKv/yA8r/8gP2//IEBP/yBMn/8gAiAFr/9ABc//IAXf/0AF7/8wC9//QA7v/yARr/9AE0//IBRP/yAV7/8gK0//QCtf/0AyP/9AMm//MDKP/zAyr/8wOm//QDyf/0A8r/8gPS//QD2v/0A+v/9APz//QD9v/yBAT/8gQU//QEFv/0BBj/9ARx//QEc//0BHX/9ATD//QExf/0BMn/8wCMAAb/ygAL/8oAOP/SADr/1AA8//QAPf/TAFH/0QBS/9EAVP/RAFr/5gBc/+8AXf/mAL3/5gDB/9EA0v/SANb/0gDa//QA3v/tAOH/4QDm/9QA7P/RAO7/7wDw/9EA8f/RAPP/0QD0/9EA9f/RAPb/yQD4/9EA+v/RAPv/0QD+/9EBAP/RAQX/0QEJ/+UBGf/UARr/5gEg/+MBK//RATP/9AE0/+8BNv/RATn/0gE6/8QBPP/RAT7/0QFD//QBRP/vAUX/0gFH/+EBSf/hAVP/0QFV/9EBV//RAVz/0QFd//QBXv/vAWL/1AFj//UBZP/nAWz/0gFt/8kBhP/KAYX/ygGH/8oBiP/KAYn/ygKZ/9MCqv/RArT/5gK1/+YC8v/RAvT/0QL2/9EC9//RAw7/0gMQ/9IDEv/SAyL/0wMj/+YDJP/TA4v/0wOa/9MDm//0A53/0wOg/9EDpv/mA7X/7QPB/9IDwv/0A8X/0QPH/9EDyf/mA8r/7wPM/9ED0f/RA9L/5gPZ/9MD2v/mA9v/ygPc/8oD3//KA+H/0QPn/9ED6v/UA+v/5gPy/9MD8//mA/X/9AP2/+8EA//0BAT/7wQI/9EECv/RBBP/7QQU/+YEFf/tBBb/5gQX/+0EGP/mBBn/4QQc/9EEcP/TBHH/5gRy/9MEc//mBHT/0wR1/+YEd//SBHn/4QR8/9EEhv/TBJj/0QS1/9EEt//RBL//0gTC/9QEw//mBMT/1ATF/+YAKAA4/74AWv/vAF3/7wC9/+8A0v++ANb/vgDm/8kA9v/fAQn/7QEa/+8BIP/rATn/vgE6/98BRf++AUz/6QFj//UBbf/gArT/7wK1/+8DDv++AxD/vgMS/74DI//vA6b/7wPB/74Dyf/vA9L/7wPa/+8D6//vA/P/7wQU/+8EFv/vBBj/7wRx/+8Ec//vBHX/7wR3/74Ev/++BMP/7wTF/+8APwA4/+YAOv/nADz/8gA9/+cAXP/xANL/5gDW/+YA2v/yAN7/7gDh/+gA5v/mAO7/8QD2/9ABGf/nATP/8gE0//EBOf/mATr/zgFD//IBRP/xAUX/5gFH/+gBSf/oAV3/8gFe//EBYv/nAWT/7QFs/+YBbf/QApn/5wMO/+YDEP/mAxL/5gMi/+cDJP/nA4v/5wOa/+cDm//yA53/5wO1/+4Dwf/mA8L/8gPK//ED2f/nA+r/5wPy/+cD9f/yA/b/8QQD//IEBP/xBBP/7gQV/+4EF//uBBn/6ARw/+cEcv/nBHT/5wR3/+YEef/oBIb/5wS//+YEwv/nBMT/5wCYACUAEAAn/+gAK//oADP/6AA1/+gAOP/gADr/4AA9/98Ag//oAJP/6ACY/+gAsgAQALP/6AC0ABAA0v/gANP/6ADUABAA1v/gANkAFADdABAA4f/hAOb/4ADtABMA8gAQAPn/4AEEABABCP/oAQ0AEAEX/+gBGf/gARv/6AEd/+gBH//oASH/6AE5/+ABQf/oAUX/4AFH/+EBSP/gAUn/4QFK/+ABTf/hAVAAEAFRABABWP/pAWL/3wFk/94BZgAQAWr/6AFs/98Bbv/yAW8AEAFwABACRf/oAkb/6AJI/+gCSf/oAn8AEAKAABACgQAQAoIAEAKDABAChAAQAoUAEAKG/+gCkP/oApH/6AKS/+gCk//oApT/6AKZ/98CtgAQArgAEAK6ABACvP/oAr7/6ALA/+gCwv/oAtD/6ALS/+gC1P/oAtb/6AL4/+gC+v/oAvz/6AMO/+ADEP/gAxL/4AMi/98DJP/fAy3/6AOGABADiv/oA4v/3wOOABADl//oA5r/3wOd/98DtgAQA73/6APA/+gDwf/gA9n/3wPiABAD6v/gA+3/6APw/+gD8v/fA/gAEAP6ABAEC//oBA3/6AQP/+gEGf/hBBr/4AQeABAEIAAQBCIAEAQkABAEJgAQBCgAEAQqABAELAAQBC4AEAQwABAEMgAQBDQAEARK/+gETP/oBE7/6ARQ/+gEUv/oBFT/6ARW/+gEWP/oBFr/6ARc/+gEXv/oBGD/6ARw/98Ecv/fBHT/3wR3/+AEef/hBHr/4ASG/98EmQAQBJ//6AS4/+gEv//gBML/4ATE/+AANQAb//IAOP/xADr/9AA8//QAPf/wANL/8QDU//UA1v/xANr/9ADd//UA3v/zAOb/8QEZ//QBM//0ATn/8QFD//QBRf/xAVD/9QFd//QBYv/yAWT/8gFm//UBbP/yAW//9QKZ//ADDv/xAxD/8QMS//EDIv/wAyT/8AOL//ADmv/wA5v/9AOd//ADtf/zA8H/8QPC//QD2f/wA+r/9APy//AD9f/0BAP/9AQT//MEFf/zBBf/8wRw//AEcv/wBHT/8AR3//EEhv/wBL//8QTC//QExP/0AGoAJQAPADj/5gA6/+YAPAAOAD3/5gCyAA8AtAAPANL/5gDUAA4A1v/mANkAEwDaAA4A3QAOAN4ACwDh/+UA5v/mAOf/9ADtABIA8gAPAPb/5wD5/+gBBAAPAQ0ADwEZ/+YBMwAOATn/5gE6/+cBQwAOAUX/5gFH/+UBSP/oAUn/5QFK/+gBTP/kAVAADgFRAA8BXQAOAWL/5gFk/+YBZgAOAWz/5gFt/+cBbwAOAXAADwJ/AA8CgAAPAoEADwKCAA8CgwAPAoQADwKFAA8Cmf/mArYADwK4AA8CugAPAw7/5gMQ/+YDEv/mAyL/5gMk/+YDhgAPA4v/5gOOAA8Dmv/mA5sADgOd/+YDtQALA7YADwPB/+YDwgAOA9n/5gPiAA8D6v/mA/L/5gP1AA4D+AAPA/oADwQDAA4EEwALBBUACwQXAAsEGf/lBBr/6AQeAA8EIAAPBCIADwQkAA8EJgAPBCgADwQqAA8ELAAPBC4ADwQwAA8EMgAPBDQADwRw/+YEcv/mBHT/5gR3/+YEef/lBHr/6ASG/+YEmQAPBL//5gTC/+YExP/mADEAOP/jADz/5QA9/+QA0v/jANT/5QDW/+MA2f/iANr/5QDd/+UA3v/pAPL/6gEE/+oBM//lATn/4wFD/+UBRf/jAVD/5QFR/+oBXf/lAWb/5QFs/+QBb//lAXD/6gKZ/+QDDv/jAxD/4wMS/+MDIv/kAyT/5AOL/+QDmv/kA5v/5QOd/+QDtf/pA8H/4wPC/+UD2f/kA/L/5AP1/+UEA//lBBP/6QQV/+kEF//pBHD/5ARy/+QEdP/kBHf/4wSG/+QEv//jACQAOP/iADz/5ADS/+IA1P/kANb/4gDZ/+EA2v/kAN3/5ADe/+kA7f/kAPL/6wEE/+sBM//kATn/4gFD/+QBRf/iAVD/5AFR/+sBXf/kAWb/5AFv/+QBcP/rAw7/4gMQ/+IDEv/iA5v/5AO1/+kDwf/iA8L/5AP1/+QEA//kBBP/6QQV/+kEF//pBHf/4gS//+IAGAA4/+sAPf/zANL/6wDW/+sBOf/rAUX/6wKZ//MDDv/rAxD/6wMS/+sDIv/zAyT/8wOL//MDmv/zA53/8wPB/+sD2f/zA/L/8wRw//MEcv/zBHT/8wR3/+sEhv/zBL//6wA5AFH/7wBS/+8AVP/vAFz/8ADB/+8A7P/vAO3/7gDu//AA8P/vAPH/7wDz/+8A9P/vAPX/7wD2/+4A+P/vAPr/7wD7/+8A/v/vAQD/7wEF/+8BCf/0ASD/8QEr/+8BNP/wATb/7wE6/+8BPP/vAT7/7wFE//ABU//vAVX/7wFX/+8BXP/vAV7/8AFt/+8Cqv/vAvL/7wL0/+8C9v/vAvf/7wOg/+8Dxf/vA8f/7wPK//ADzP/vA9H/7wPh/+8D5//vA/b/8AQE//AECP/vBAr/7wQc/+8EfP/vBJj/7wS1/+8Et//vACMABv/yAAv/8gBa//UAXf/1AL3/9QD2//QBCf/1ARr/9QE6//UBbf/1AYT/8gGF//IBh//yAYj/8gGJ//ICtP/1ArX/9QMj//UDpv/1A8n/9QPS//UD2v/1A9v/8gPc//ID3//yA+v/9QPz//UEFP/1BBb/9QQY//UEcf/1BHP/9QR1//UEw//1BMX/9QAKAO0AFAD2/+0A+f/tAPz/4gE6/+0BSP/tAUr/7QFt/+0EGv/tBHr/7QB2AEf/8ABI//AASf/wAEv/8ABT/+sAVf/wAJT/8ACZ//AAu//wAMj/8ADJ//AA9//wAQP/8AEY/+sBHP/rAR7/8AEi//ABQv/wAWD/8AFh//ABa//wAdv/6wHd/+sB5f/pAez/6wH1/+sCEf/rAhr/6wIx/+sCof/wAqL/8AKj//ACpP/wAqX/8AKr/+sCrP/rAq3/6wKu/+sCr//rAr3/8AK///ACwf/wAsP/8ALF//ACx//wAsn/8ALL//ACzf/wAs//8ALR//AC0//wAtX/8ALX//AC+f/rAvv/6wL9/+sDOf/rA0P/6wNE/+sDRf/rA0b/6wNH/+sDUP/rA1H/6wNS/+sDU//rA1r/6wNb/+sDXP/rA13/6wNt/+sDbv/rA2//6wOe//ADpP/rA6r/6wPE//ADxv/rA8j/8APL//AD5v/wA+z/8APx//AD///wBAH/8AQC//AEDP/rBA7/8AQQ/+sEHf/wBDf/8AQ5//AEO//wBD3/8AQ///AEQf/wBEP/8ARF//AES//rBE3/6wRP/+sEUf/rBFP/6wRV/+sEV//rBFn/8ARb//AEXf/wBF//6wRh//AEnP/wBKD/6wSp//AEq//wBM//6wTx/+sE9P/rBPn/6wDjAAYADQALAA0ARf/wAEf/sABI/7AASf+wAEoADQBL/7AAU//WAFX/sABaAAsAXQALAJT/sACZ/7AAu/+wAL0ACwC+/7AAx/+rAMj/wADJ/7AAzP/VAO3/qgDy/68A9/+wAQP/sAEE/68BGP/WARoACwEc/+IBHv+wASAADAEi/7ABQv+wAVH/rwFg/7ABYf+wAWMACwFlAAsBa/+wAXD/rwGEAA0BhQANAYcADQGIAA0BiQANAdMADQHWAA0B2AAOAdn/9QHb/+wB3f/tAeX/7AHr/78B7P/tAe3/vwH0AA4B9f/tAfgADgIQAA4CEf/tAhIADQIUAA4CGv/tAjH/7gIz/78Cmv/wApv/8AKc//ACnf/wAp7/8AKf//ACoP/wAqH/sAKi/7ACo/+wAqT/sAKl/7ACq//WAqz/1gKt/9YCrv/WAq//1gK0AAsCtQALArf/8AK5//ACu//wAr3/sAK//7ACwf+wAsP/sALF/7ACx/+wAsn/sALL/7ACzf+wAs//sALR/7AC0/+wAtX/sALX/7AC+f/WAvv/1gL9/9YDIwALAzL/vwMz/78DNP+/AzX/vwM2/78DN/+/Azj/vwM5/+0DQ//tA0T/7QNF/+0DRv/tA0f/7QNMAA0DTf+/A07/vwNP/78DUP/tA1H/7QNS/+0DU//tA1r/7QNb/+0DXP/tA13/7QNt/+0Dbv/tA2//7QNz//UDdP/1A3X/9QN2//UDeAAOA4EADQOCAA0Dnv+wA6T/1gOmAAsDqv/WA8P/8APE/7ADxv/WA8j/sAPJAAsDy/+wA9IACwPaAAsD2wANA9wADQPfAA0D4//wA+b/sAPrAAsD7P+wA/H/sAPzAAsD+f/wA/v/8AP//7AEAf+wBAL/sAQM/9YEDv+wBBD/1gQUAAsEFgALBBgACwQd/7AEH//wBCH/8AQj//AEJf/wBCf/8AQp//AEK//wBC3/8AQv//AEMf/wBDP/8AQ1//AEN/+wBDn/sAQ7/7AEPf+wBD//sARB/7AEQ/+wBEX/sARL/9YETf/WBE//1gRR/9YEU//WBFX/1gRX/9YEWf+wBFv/sARd/7AEX//WBGH/sARxAAsEcwALBHUACwSa//AEnP+wBKD/1gSp/7AEq/+wBMMACwTFAAsEy/+/BM//7QTQAA0E0v+/BN4ADQThAA0E6v+/BPH/7QT0/+0E9QAOBPn/7QT6AA0ADgDtABQA8gAQAPb/8AD5//ABAQAMAQQAEAE6//ABSP/wAUr/5gFRABABbf/wAXAAEAQa//AEev/wAE0ARwAMAEgADABJAAwASwAMAFUADACUAAwAmQAMALsADADIAAwAyQAMAO0AOgDyABgA9v/jAPcADAD5//cBAwAMAQQAGAEeAAwBIgAMATr/4gFCAAwBSP/3AUr/4wFRABgBYAAMAWEADAFrAAwBbf/jAXAAGAKhAAwCogAMAqMADAKkAAwCpQAMAr0ADAK/AAwCwQAMAsMADALFAAwCxwAMAskADALLAAwCzQAMAs8ADALRAAwC0wAMAtUADALXAAwDngAMA8QADAPIAAwDywAMA+YADAPsAAwD8QAMA/8ADAQBAAwEAgAMBA4ADAQa//cEHQAMBDcADAQ5AAwEOwAMBD0ADAQ/AAwEQQAMBEMADARFAAwEWQAMBFsADARdAAwEYQAMBHr/9wScAAwEqQAMBKsADAAiAFr/9ABc//AAXf/0AL3/9ADt/+8A7v/wAPL/8wEE//MBGv/0ATT/8AFE//ABUf/zAV7/8AFw//MCtP/0ArX/9AMj//QDpv/0A8n/9APK//AD0v/0A9r/9APr//QD8//0A/b/8AQE//AEFP/0BBb/9AQY//QEcf/0BHP/9AR1//QEw//0BMX/9AAKAAb/1gAL/9YBhP/WAYX/1gGH/9YBiP/WAYn/1gPb/9YD3P/WA9//1gAIAPb/ugEJ/88BIP/bATr/UAFK/50BY//wAWX/8gFt/0wACgAG//UAC//1AYT/9QGF//UBh//1AYj/9QGJ//UD2//1A9z/9QPf//UAKABMACAATwAgAFAAIABT/4AAV/+QAFsACwEY/4ABwf+QAqv/gAKs/4ACrf+AAq7/gAKv/4AC+f+AAvv/gAL9/4ADBf+QAwf/kAMJ/5ADC/+QAw3/kAOk/4ADqv+AA8b/gAPN/5AEDP+ABBD/gARL/4AETf+ABE//gARR/4AEU/+ABFX/gARX/4AEX/+ABKD/gAStACAErwAgBLEAIAS+/5AAEwHT/+4B1f/1Adb/8QHY//IB9P/yAfj/8gIQ//ICEv/uAhT/8gNM/+4DeP/yA4D/9QOB/+4Dgv/uBND/7gTe/+4E4f/uBPX/8gT6/+4AEwHT/+UB1f/xAdb/6wHY/+kB9P/pAfj/6QIQ/+kCEv/lAhT/6QNM/+UDeP/pA4D/8QOB/+UDgv/lBND/5QTe/+UE4f/lBPX/6QT6/+UAAwHV//UB1v/uA4D/9QACAdb/twHb//AAAQBbAAsABAAN/+YAQf/0AGH/7wFN/+0AFwC4/9QAvv/wAML/7QDEABEAyv/gAMz/5wDN/+UAzv/uANkAEgDq/+kA9v/XATr/1wFK/9MBTP/WAU3/xQFY/+cBYgANAWQADAFt/9YBbv/yAdv/6QHl/+cCMf/pAAEBHP/xABIA2f+uAOYAEgDr/+AA7f+tAO//1gD9/98BAf/SAQf/4AEc/84BLv/dATD/4gE4/+ABQP/gAUr/6QFN/9oBX/+9AWn/3wFsABEAAgD2//UBhf+wAAIA7f/JARz/7gAJAOb/wwD2/88BOv/OAUn/5wFM/98BYv/RAWT/7AFs/6ABbf/RAC8AVv9tAFv/jABt/b8AfP59AIH+vACG/ysAif9LALj/YQC+/48Av/8PAMP+6ADG/x8Ax/7lAMr/RgDM/u0Azf79AM7+2QDZ/1IA5gAFAOr/vQDr/0kA7f7+AO//EwD2/2gA/f8OAP//EwEB/wcBB/8OAQn/EQEc/zwBIP+sAS7/FQEw/zwBOP8OATr/agFA/0kBSv8MAUz/PwFN/vEBWP/AAV/+7wFj/zEBZf9fAWn/CgFsAAUBbf8wAW7/1QAeAAr/4gANABQADv/PAEEAEgBK/+oAVv/YAFj/6gBhABMAbf+uAHz/zQCB/6AAhv/BAIn/wAC4/9AAvP/qAL7/7gC//8YAwAANAML/6QDD/9YAxv/oAMf/ugDK/+kAzP/LAM3/2gDO/8cBjf/TAdv/ywHl/8sCMf/NABcAI//DAFj/7wBb/98Amv/uALj/5QC5/9EAxAARAMr/yADZABMA5v/FAPb/ygE6/58BSf9RAUr/ewFM/8oBTf/dAVj/8gFi/3UBZP/KAWz/TwFt/4wB1v/NAeX/9QAHAPb/8AEJ//EBIP/zATr/8QFj//MBZf/pAW3/0wADAEr/7gBb/+oB1v/wAAkAyv/qAO3/uAD2/+oBCf/wASD/8QE6/+sBY//1AW3/7AGF/7AAAgERAAsBbP/mABIAW//BALj/xQDK/7QA6v/XAPb/uQEJ/7IBHP/SASD/yAE6/6ABSv/FAVj/5AFj/8wBZf/MAW3/ywFu/+8B2//nAeX/5gIx/+gABQBb/6QB1v9UAdv/8QHl//ECMf/zAAgA2QAVAO0AFQFJ/+QBSv/lAUz/5AFi/+MBZP/iAWz/5AACAPb/wAGF/7AACABYAA4Agf+fAL7/9QDE/94Ax//lANn/qADt/8oBX//jAAUAyv/qAO3/7gD2/7ABOv/sAW3/7AADAEoADwBYADIAWwARADMABP/YAFb/tQBb/8cAbf64AHz/KACB/00Ahv+OAIn/oQC4/64Avv/JAL//fgDD/2cAxv+HAMf/ZQDK/54AzP9qAM3/cwDO/14A2f+lAOYADwDq/+QA6/+gAO3/dADv/4AA9v+yAP3/fQD//4ABAf95AQf/fQEJ/38BHP+YASD/2gEu/4EBMP+YATj/fQE6/7MBQP+gAUr/fAFM/5oBTf9sAVj/5gFf/2sBY/+SAWX/rQFp/3sBbAAPAW3/kQFu//IB2/+5AeX/uQIx/7kABwANABQAQQARAFb/4gBhABMB2//ZAeX/2QIx/9kABwBKAA0Avv/1AMYACwDH/+oAygAMAO3/yAEc//EABwANAA8AQQAMAFb/6wBhAA4B2//nAeX/5wIx/+kABgBb/+UAuP/LAM3/5AHb/+wB5f/rAjH/7QAHAIH/3wC1//MAt//wAMT/6gDZ/98A5v/gAWz/4AABAdv/6wAEAdb/xwHb//IB5f/yAjH/8gABAdb/8QABAdYADQACCwwABAAADqwXaAAmACUAAAAAAAAAAAAAAAAAEgAAAAAAAAAA/+P/5AAAAAAAAAAAABEAAAAAAAAAAAAAAAAAAAARAAAAEQAAAAAAAAAA/+T/5QAAAAAAAAAAAAAAAAAAAAAAAP/rAAAAAAAAAAD/5f/V/+0AAAAAAAD/6gAA/+kAAAAAAAAAAAAA/+H/mgAA//X/6gAAAAAAAAAAAAAAAAAAAAAAAP/1AAD/9P/1AAAAAP/1/87/7/9//6IAAAAAAAwAAAAA//EAAP+IAAD/u//E/8cAEQAAABIAAP+pAAAAAP/J/48AAAAA/90AAAAAAAAAAAAAAAAAAAAAAAD/8QAAAAAAAAAAAAD/8AAAAAAAAAAA/3j/6wAAAAAAAAAAAAD/8AAAAAAAAAAAAAAAAAAAAAAAAAAAAAAAAAAAAAAAAAAAAAAAAAAAAAAAAAAAAAAAAAAAAAAAAAAAAAD/mAAAAAAAAAAAAAAAAAAAAAAAAAAAAAAAAAAAAAAAAAAAAAD/7QAAAAD/7f/vAAAAAAAA/+YAAAAUAAAAAAAAAAAAAAAAAAAAAAAAAAAAAP/wAAAAAAAAAAAAAAAAAAAAAAAAAAAAAAAA/+0AAAAAAAAAAAAAAAAAAAAAAAD/8QAAAAAAAAAAAAAAAAAAAAAAAAAA/70AAAAAAAAAAAAAAAAAAAAAAAAAAAAAAAAAAAAAAAAAAAAAAAAAAAAAAAAAAAAAAAAAAP/1AAAAAAAAAAAAAP/xAAAAAAAAAAD/4//xAAAAAAAAAAAAAP/yAAAAAAAAAAAAAAAAAAAAAAAAAAAAAAAAAAAAAAAAAAAAAAAA//MAAAAAAAAAAAAAAAAAAAAAAAAAAP/yAAAAAAAAAAAAAAAAAAAAAAAAAAAAAAAAAAAAAAAAAAAAAP/zAAAAAP/xAAAAAP/xAAAAAAAAAAAAAAAAAAAAAAAAAAAAAAAAAA8AAAAAAAAAAAAA/5X/1wAAAAAAAAAAAAAAAAAAAAAAAAAAAAAAAAAAAAAAAP/qAAAAAAAAAAAAAAAA/+sAAAAAAAAAAAAAAAAAAAAAAAAAAAAAAAAAAAAAAAAAAAAAAAAAAAAAAAAAAAAAAAD/5v/h/+n/5f/pAAAAAP/n/9gAAAAAAAAAAAAAAAAAAAAAAAAAAAAAAAAAAAAAAAAAAAAAAAAAAAAAAAD/wAAA/6MAAAAAAAAAAP+//+P/2P+//9n/ov+3/8v/7P+gABEAEv+r/8b/4v/wAA0AAAAAAAD/6QARAAD/8wAA/y0AAP/vABIAAP/MAAAAAAAA/6D/8wAAAAAAAAAAAAAAAAAAAAAAAAAAAAAAAAAAAAAAAAAAAAAAAAAAAAAAAAAAAAD/6v/uAAAAAAAA/+wAAAAAAAAAAAAAAAAAAAAAAAD/nf/k/5P/nf+h/7H/j/+5/7gAAAAQABD/r/+M/8T/8AAAAAAAAAAA/7MADwAA//H/y/8m/37/7QAQ/7z/GAAA/3wAAP8Q//EAAAAAAAAAAAAAAAAAAAAA//IAAAAAAAAAAAAAAAAAAAAAAAD/7AAAAAAAAAAA/7//wAAAAAAAAAAAAAAAAAAAAAAAAAAAAAD/2AAA//AAAAAA//AAAAAAAAAAAAAAAAAAAAAAAAAAAAAAAAAAAAAAAAAAAAAAAAAAAAAAAAAAAAAAAAAAAAAAAAAAAAAAAAAAAAAAAAD/6//mAAD/6//tAA0AAP/s/+UAAAAAAAAADQAAAAAAAAAAAAAAAAAAAAAAAAAAAAAAAAAAAAAAAAAAAAAAAAAAAAAAAAAAAAAAAP/m/+cAAP/r/+sAAAAA/+f/4QAAAAAAAAAAAAAAAAAAAAAAAAAAAAAAAAAAAAAAAAARAAAAEQAAAA4AAP/SAAD/0QAAAAAAAAAAAAAAAAAAAAAAAAAAAAAAAAAAAAD/4wAAAAAAAAAAAAAAAAAAAAAAAAAAAAAAAAAAAAAAAAAAAAAAAAAAAAAAAAAAAAAAAAAAAAD/7AAAAAD/7AAAAAAAAAAAAAAAAAAAAAAAAAAAAAAAAAAAAAAAAAAAAAAAAAAAAAAAAAAAAAAAAAAAAAAAAAAAAAAAAAAAAAAAAP/tAAAAAP/sAAAAAP/YAAAAEgAAAAAAAAAAAAAAAAAAAAAAAAAAABAAAAAAAAAAAAAA/4UAAAAAAAAAAAAAAAAAAAAAAAAAAAAA//MAAAAA//MAAP92//UAAAAPAAAAAAAA/8YAAAAAAAD/4QAA/+YAAAAAAAAAAAAA/8n+vP/ZAAAAAAAAAAAAAAAAAAD/OAAAAAAAAAAAAAAAAAAAAAAAAAAAAAAAAAAAAAAAAAAAAAAAAAAAAAAAAP/1AAAAAAAAAAAAAAAAAAAAAAAAAAAAAAAAAAAAAAAAAAAAAAAA/78AAAAA/9QAEwAA//L/e//K/u3/EQATAAAAAAAAAAD/2gAA/rAAAP9x/z//OwAAAAAAAAAA/1EAAAAAAAAAAAAAAAD/kQAA/8UAAP/s/8MAAP+I/84AAAAAAAAAAAAAAAD/sAAAAAAAAAAAAAD/lQAAAAAAAAAAAAAAAAAAAAAAAAAAAAAAAAAAAAAAAAAAAAD/7AAAAAD/7AAAAAAAAAAAAAAAAAAAAAAAAAAAAAAAAAAAAAAAAAAAAAAAAAAAAAAAAAAA/9gAAAAAAAAAAAAAAAAAAAAAAAAAAP/hAAAAAP/h/+3/1f/f/+cAAAAAAA4AAP/LAAAAAAAAAAAAAAAAAAAAAAAAAAAAAAAA/4UAAAAAAAAAAP/EAAAAAAAAAAAAAAAAAAAAAAAAAAAAAAAAAAAAAAAAAAD/5f/JAAAAAAAAAAAAAAAAAAAAAAAAAAAAAAAAAAAAAAAAAAD/6AAAAAAAAAAA//MAAAAAAAD/1P/zAAD/0v/k/7X/0v/Z//UAAAAAAAD/tAAAAAAAAAAAAAAAAAAAAAAAAAAAAAAAAP8fAAAAAAAAAAD/2wAAAAAAAAAAAAAAAAAAAAAAAAAAAAAAAAAA/+sAAAAAAAAAAAAAAAAAAAAAAAAAAAAAAAAAAAAAAAAAAAAAAAAAAAAAAAAAAAAAAAAAAAAAAAAAAAAAAAAAAAAAAAAAAAAAAAAAAP/dAAAAAAAAAAAAAAAAAAAAAAAAAAD/ef/1AAAAAAAAAAAAAAAAAAAAAAAAAAAAAP/ZAAAAAAAAAAAAAAAAAAAAAAAAAAAAAAAAAAAAAP71/60AAAAAAAAAAP/wAAAAAP/A/8kAAAAAAAD/9QAAAAAAAP/IAAAAAP/nAAD/6wAAAAAAAAAAAAAAAAAAAAAAAAAAAAAAAAAAAAAAAAAAAAAAAAAAAAAAAAAA/1YAAAAAAAAAAAAAAAAAAAAAAAAAAAAAAAAAAAAAAAAAAAAA/0T/vf8z/0T/S/8+/ywAAP9yAAAABwAHAAD/J/+G/9EAAAAAAAAAAP9qAAUAAAAA/5L+ev8PAAAABwAA/mIAAP8MAAAAAAAAAAAAAAAAAAAAAAAAAAAAAAAAAAAAAAAAAAAAAAAAAAAAAAAAAAAAAAAAAAAAAAANAAAAAAAAAAAAAAAAAAAAAAAAAAAAAAAAAAAAAAAAAAAAAAAAAAAAAAAA/+8AAAAAAAAAAAAAAAAAAAAAAAD/7AAAAAAAAAAA/7T/uwAAAAAAAAAAAAAAAAAAAAAAAAAAAAD/1QAA/73/6f+a/70AAP+l/5EAAAAAAAAAEgASAAD/0gAAAAAAAAAAAAAAAAAAAAAAAAAA/8r+bf+7AAAAAAAA/4kAAP/pAAAAAAAAAAIAmgAGAAYAAAALAAsAAQAQABAAAgASABIAAwAlACkABAAsADQACQA4AD4AEgBFAEcAGQBJAEkAHABMAEwAHQBRAFQAHgBWAFYAIgBaAFoAIwBcAF4AJACKAIoAJwCWAJYAKACxALQAKQC9AL0ALQDBAMEALgDHAMcALwDUANUAMADXANcAMgDaANoAMwDcAN4ANADgAOYANwDsAOwAPgDuAO4APwD3APcAQAD8APwAQQD+AP8AQgEEAQUARAEKAQoARgENAQ0ARwEYARoASAEuATAASwEzATUATgE3ATcAUQE5ATkAUgE7ATsAUwFDAUQAVAFUAVQAVgFWAVYAVwFYAVgAWAFcAV4AWQGEAYoAXAGOAY8AYwHYAdgAZQHdAd0AZgHgAeEAZwHrAe0AaQH/Af8AbAIOAhAAbQIwAjAAcAIzAjMAcQJFAkUAcgJHAkgAcwJ6AnsAdQJ9An0AdwJ/AqUAeAKqAq8AnwK0AsQApQLGAs8AtgLYAtoAwALcAtwAwwLeAt4AxALgAuAAxQLiAuIAxgLlAuUAxwLnAucAyALpAukAyQLrAusAygLtAu0AywLvAu8AzALxAv0AzQL/Av8A2gMBAwEA2wMDAwMA3AMOAw4A3QMQAxAA3gMSAxIA3wMUAxQA4AMWAxYA4QMYAxgA4gMaAxoA4wMcAxwA5AMeAx4A5QMgAyAA5gMiAyoA5wMvAzgA8ANDA0cA+gNNA08A/wNUA1QBAgNlA2kBAwNtA28BCAN4A3gBCwOGA4sBDAOOA50BEgOgA6ABIgOkA6QBIwOmA6YBJAOqA6oBJQOtA64BJgOwA7kBKAO7A70BMgO/A8QBNQPGA8wBOwPSA9MBQgPVA9UBRAPXA9cBRQPZA9wBRgPfA+QBSgPmA+YBUAPqA+sBUQPwA/sBUwP+A/8BXwQBBAQBYQQLBAwBZQQQBBABZwQSBBgBaAQeBEYBbwRIBEgBmARKBFcBmQRfBF8BpwRiBGIBqARkBGQBqQRwBHUBqgR3BHcBsAR7BHwBsQR/BH8BswSBBIIBtASEBIQBtgSGBIYBtwSXBJsBuASdBJ0BvQSfBKABvgSiBKIBwASmBKgBwQSqBKoBxASsBK4BxQSwBLAByASyBLIByQS0BLoBygS8BLwB0QS/BL8B0gTBBMYB0wTIBMsB2QTPBM8B3QTSBNIB3gTYBNgB3wTdBN0B4AToBOgB4QTqBOoB4gTxBPEB4wT1BPUB5AACAXQABgAGABkACwALABkAEAAQACEAEgASACEAJQAlAAIAJgAmABwAJwAnABMAKAAoAAEAKQApAAUALgAuAAoALwAvAAsAMAAwABgAMwAzAAEANAA0ABYAOAA4AA4AOQA5AAoAOgA6AB0AOwA7ABsAPAA8ABIAPQA9AAwAPgA+ABEARQBFAAYARgBGAAcARwBHABcASQBJAAgATABMAAQAUQBSAAQAUwBTAAMAVABUAAcAVgBWABUAWgBaAAkAXABcABQAXQBdAAkAXgBeABAAigCKAAcAlgCWAAEAsQCxACIAsgCyAAIAswCzAAEAtAC0AAIAvQC9AAkAwQDBAAQAxwDHAAcA1ADVACAA2gDaABIA3gDeACUA5ADkACAA5gDmACAA7ADsABoA7gDuABQA9wD3AAcA/AD8AB8A/gD+AB8A/wD/AAcBBAEFAB8BCgEKAB8BDQENAAIBGAEYAAMBGQEZAB0BGgEaAAkBLgEuAAcBLwEvACIBMAEwABoBMwEzABIBNAE0ABQBNQE1AAsBNwE3AAsBOQE5AAsBQwFDABIBRAFEABQBWAFYAAEBXAFcABoBXQFdABIBXgFeABQBhAGFABkBhgGGACEBhwGJABkBigGKACEBjgGPACEB2AHYACMB3QHdAA0B4AHgACQB4QHhAB4B6wHrAA8B7AHsAA0B7QHtAA8B/wH/AB4CDgIQAB4CMAIwAA0CMwIzAA8CRQJFABMCRwJIAAECegJ7AAECfQJ9AA4CfwKFAAIChgKGABMChwKKAAUCkAKUAAEClQKYAAoCmQKZAAwCmgKgAAYCoQKhABcCogKlAAgCqgKqAAQCqwKvAAMCtAK1AAkCtgK2AAICtwK3AAYCuAK4AAICuQK5AAYCugK6AAICuwK7AAYCvAK8ABMCvQK9ABcCvgK+ABMCvwK/ABcCwALAABMCwQLBABcCwgLCABMCwwLDABcCxALEAAECxgLGAAUCxwLHAAgCyALIAAUCyQLJAAgCygLKAAUCywLLAAgCzALMAAUCzQLNAAgCzgLOAAUCzwLPAAgC2QLZAAQC5QLlAAoC5wLnAAsC6QLpABgC6wLrABgC7QLtABgC7wLvABgC8gLyAAQC9AL0AAQC9gL3AAQC+AL4AAEC+QL5AAMC+gL6AAEC+wL7AAMC/AL8AAEC/QL9AAMC/wL/ABUDAQMBABUDAwMDABUDDgMOAA4DEAMQAA4DEgMSAA4DFAMUAAoDFgMWAAoDGAMYAAoDGgMaAAoDHAMcAAoDHgMeAAoDIAMgABsDIgMiAAwDIwMjAAkDJAMkAAwDJQMlABEDJgMmABADJwMnABEDKAMoABADKQMpABEDKgMqABADLwMwAA0DMQMxACMDMgM4AA8DQwNHAA0DTQNPAA8DVANUAA0DZQNlAB4DZgNpACQDbQNvAA0DeAN4ACMDhgOGAAIDhwOHAAUDigOKAAEDiwOLAAwDjgOOAAIDjwOPABwDkAOQAAUDkQORABEDlAOUAAsDlwOXAAEDmAOYABYDmQOZAA4DmgOaAAwDmwObABIDnQOdAAwDoAOgAAQDpAOkAAMDpgOmAAkDqgOqAAMDrQOtAAUDrgOuACIDsgOyAAoDswO0AAsDtQO1ACUDtgO2AAIDtwO3ABwDuAO4ACIDuQO5AAUDvQO9AAEDvwO/ABYDwAPAABMDwQPBAA4DwgPCABIDwwPDAAYDxAPEAAgDxgPGAAMDxwPHAAcDyAPIABcDyQPJAAkDygPKABQDywPLAAgDzAPMABoD0gPSAAkD0wPTABsD1QPVABsD1wPXABsD2QPZAAwD2gPaAAkD2wPcABkD3wPfABkD4QPhAAQD4gPiAAID4wPjAAYD5APkAAUD5gPmAAgD6gPqAB0D6wPrAAkD8APwABMD8QPxABcD8gPyAAwD8wPzAAkD9QP1ABID9gP2ABQD+AP4AAID+QP5AAYD+gP6AAID+wP7AAYD/gP+AAUD/wP/AAgEAQQCAAgEAwQDABIEBAQEABQECwQLAAEEDAQMAAMEEAQQAAMEEgQSAAcEEwQTACUEFAQUAAkEFQQVACUEFgQWAAkEFwQXACUEGAQYAAkEHgQeAAIEHwQfAAYEIAQgAAIEIQQhAAYEIgQiAAIEIwQjAAYEJAQkAAIEJQQlAAYEJgQmAAIEJwQnAAYEKAQoAAIEKQQpAAYEKgQqAAIEKwQrAAYELAQsAAIELQQtAAYELgQuAAIELwQvAAYEMAQwAAIEMQQxAAYEMgQyAAIEMwQzAAYENAQ0AAIENQQ1AAYENgQ2AAUENwQ3AAgEOAQ4AAUEOQQ5AAgEOgQ6AAUEOwQ7AAgEPAQ8AAUEPQQ9AAgEPgQ+AAUEPwQ/AAgEQARAAAUEQQRBAAgEQgRCAAUEQwRDAAgERAREAAUERQRFAAgESgRKAAEESwRLAAMETARMAAEETQRNAAMETgROAAEETwRPAAMEUARQAAEEUQRRAAMEUgRSAAEEUwRTAAMEVARUAAEEVQRVAAMEVgRWAAEEVwRXAAMEXwRfAAMEYgRiAAoEZARkAAoEcARwAAwEcQRxAAkEcgRyAAwEcwRzAAkEdAR0AAwEdQR1AAkEdwR3AA4EewR7ACIEfAR8ABoEfwR/AAQEgQSBACAEggSCACIEhASEAAsEhgSGAAwEmASYAAQEmQSZAAIEmgSaAAYEmwSbAAUEnwSfAAEEoASgAAMEogSiABUEpgSmABwEpwSnAAcEqASoAAEEqgSqAAEErQStAAQErgSuAAsEsASwAAsEsgSyABgEtQS1AAQEtwS3AAQEuAS4AAEEuQS5ABYEugS6AAcEvAS8ABUEvwS/AA4EwQTBAAoEwgTCAB0EwwTDAAkExATEAB0ExQTFAAkExgTGABsEyATIABEEyQTJABAEygTKAAEEywTLAA8EzwTPAA0E0gTSAA8E2ATYAB4E3QTdACME6AToAB4E6gTqAA8E8QTxAA0E9QT1ACMAAQAGBPUAFAAAAAAAAAAAABQAAAAAAAAAAAAaAB8AGgAAAAAAAAAAAAAAAAAAAAAAAAAAAAAAAAAAAAAAAAAAAAAAAAAGAAAAAgAAAAAAAAACAAAAAAAjAAAAAAAAAAAAAgAAAAIAAAAQAAsACgAdABYAEQAMABMAAAAAAAAAAAAAAAAABwAAAAEAAQABAAAAAQAAAAAAAAAAAAAAAwADAAQAAwABAAAADgAAAAUACQAAABUACQAPAAAAAAAAAAAAAAAAAAAAAAAAAAAAAAAAAAAAAAAAAAAAAAAAAAAAAAAAAAAAAAAAAAAAAAAAAAAAAAAAAAAAAAAAAAAAAAAAAAIAAAAAAAAAAAAAAAAAAAAAAAAAAAAAAAAAAAAAAAAAAgABAAAAAAAAAAIAAQAAAAUAAAAAAAAAAAAAAAAAAAAAAAAAAAAAAAAAAAAAAAAAAAAAAAAAAAAAAAAAAAAGAAIABgAAAAAAAAAAAAAAAAABAAAACQAAAAAAAAADAAAAAAAAAAAAAAAAAAEAAQAAAAUAAAAAAAAAAAAAAAAACwACABkAAAALAAAAAAAAABEAAAAAABkAIgAAAAAAIAAAAAAAAAAAAAAAAAAAAAAAAAAAAAMAAAAVAAAAAwADABsAAwADAAMAAAABAAMAIQADAAMAAAAAAAMAAAADAAAAAAABABsAAwAAAAAAAgAAAAAAAAAAAAYAAAAAAAAAAAAAAAAAAAAAAAAAAgAEAB0ACQACAAAAAgABAAIAAAACAAEAAAAAAAAAAAAAAAAAAAAAAAMAAAAAAAAAAAAAAAAAAAARABUAAAADAAAAAAALAAAAAAADAAAAAwAAAAAAAgABABEAFQALAAAAIAAhAAAAAAAAAAAAAAAAAAAAGQAbAAAAAwAAAAMAAAADAAAAAAAAAAAAAwARABUAAAABAAEAAAAAAAAAAAAZAAAAAAAAAAIAAQAAAAAAAAAZABsAAAAAAAAAAAAAAAAAAAAAAAAAAAAAAAAAAAAAAAAAAAAfAB8AAAAUABQAGgAUABQAFAAaAAAAAAAAABoAGgAAAAAAAAAAAAAAAAAAAAAAAAAAAAAAAAAAAAAAAAAAAAAAAAAAAAAAAAAAAAAAAAAAAAAAAAAAAAAAAAAAAAAAAAAAAAAAAAAAAAAAAAAAAAAAAAAAAAAAAAAAAAAAAAAAAA4AAAAAAAAAAAAAAAAAAAAAAAAAAAAAAAAAAAAAAAAAAAAAABcAHAAkAAAAEgAYAB4AAAAIAAAACAAAAAAAAAAAAAAAAAAAAAgAAAAAAAAAAAAAAA0ACAANAAAAAAAAAAAAAAAAABgACAAAAAAAGAAAAAAAAAAcAAAAAAAAAAAAAAAAAAAAAAAAAAAAAAAAAAAAAAAAAAAAHAAAAAAAGAAIABcAHAAYAAAAAAAAAAAAAAAIAAAAAAAAAAAAAAAAAAAAAAAAAAAAAAAAAAAAAAAAAAAAAAAAAAAAAAAAAAAACAAAAA0AAAAAAAAAAAAAAAAAAAAAAAAAAAAAAAAAAAAAAAAAAAAAAAIAAgAAAAIAAgAAAAAAAAAAAAAAAAAAAAAAAAAAAAAAAAAAAAAAAAAAAAAAAAAAAAAAAAAAAAAAAAAAAAAAAAAAAAAAAAAAAAAAAAAAAAAAAAAAAAAAAAAAAAAAAAAAAAAAAAAAAAAAHwAAAAAAAAAAAAAABgAGAAYABgAGAAYABgACAAAAAAAAAAAAAAAAAAAAAAAAAAIAAgACAAIAAgAKAAoACgAKAAwABwAHAAcABwAHAAcABwABAAEAAQABAAEAAAAAAAAAAAADAAQABAAEAAQABAAFAAUABQAFAAkACQAGAAcABgAHAAYABwACAAEAAgABAAIAAQACAAEAAAABAAAAAQAAAAEAAAABAAAAAQAAAAEAAgABAAIAAQACAAEAAgABAAAAAAAAAAAAAAAAAAAAAAAAAAAAAAAAAAAAIwAAAAAAAAAAAAAAAAAAAAAAAAAAAAAAAAADAAAAAwAAAAMAAwACAAQAAgAEAAIABAAAAAAAAAAAAAAAAAAQAA4AEAAOABAADgAQAA4AEAAOAAsAAAALAAAACwAAAAoABQAKAAUACgAFAAoABQAKAAUACgAFABYAAAAMAAkADAATAA8AEwAPABMADwAAAAAAAgAAAAAAAAAAAA0ADQANAA0ADQANAA0ACAAAAAAAAAAAAAAAAAAAAAAAAAAIAAgACAAIAAgAEgASABIAEgAXAA0ADQANAAgACAAIAAgAAAAAAAAAAAAAAAAACAAIAAgACAAAAAAAAAAAAAAAAAAAAAAAAAAAAAAAAAAAAAAAAAAIAAgACAAAAAAAAAAeAB4AHgAeAAAAGAAAABIAEgASABIAEgASACQAFwAXAAAAAAAAAAYAAAAAAAAAAgAMAAAAAAAGAAAAAAATAAAAAAAAAAAAAAACAAAAAAAMABEAAAAMAAEAAAADAAAABQAAAAQAAAAJAAAAAAAFAAQABQAAAAAAAAAAAAAAAAAjAAAAAAAiAAYAAAAAAAAAAAAAAAAAAgAAAAAAAgALABEABwABAAMABAADAAEACQAVAAEAAwAOAAAAAAAAAAMACQAWAAAAFgAAABYAAAAMAAkAFAAUAAAAAAAUAAAAAwAGAAcAAAAAAAEAAwAAAAAAHQAJAAEAAgAAAAAAAgABAAwACQAAABEAFQAAAAYABwAGAAcAAAAAAAAAAQAAAAEAAQARABUAAAAAAAAAAwAAAAMAAgAEAAIAAQACAAQAAAAAACIACQAiAAkAIgAJACAAIQAAAAMAAQAGAAcABgAHAAYABwAGAAcABgAHAAYABwAGAAcABgAHAAYABwAGAAcABgAHAAYABwAAAAEAAAABAAAAAQAAAAEAAAABAAAAAQAAAAEAAAABAAAAAAAAAAAAAgAEAAIABAACAAQAAgAEAAIABAACAAQAAgAEAAIAAQACAAEAAgABAAIABAACAAEACgAFAAoABQAAAAUAAAAFAAAABQAAAAUAAAAFAAwACQAMAAkADAAJAAAACwAAACAAIQAAAAMAAAAAAAAAAAAAAAAAAAAAAAAADAAAAAAAAAAAAAAAHwAAAAAAAAAAAAAAAAAAAAAAAAAAAAAAAwAGAAcAAAABAAAAAAACAAQAAAAAAAAABQAAAAAAAAAAAAEAAAABAAAAAAAAAAAAAAAAAAAAAAAAAAMAAAADAAIAAAAAAAAAAAAQAA4ACwAAAAoAHQAJAB0ACQAWAAAAEwAPAAAADQAAAAAAAAAIABcAAAANAAAAAAAAAAAAAAAAAAAAAAAAAAAAAAAXABwAAAAXAAAAAAAAAAAAAAAAAAAAAAANAAAAAAAAAAAAAAAAAAgAAAAAAAgAGAAcAAAAAAAIABcAAQAAAAoBYgKSAARERkxUABpjeXJsABpncmVrABpsYXRuAEgABAAAAAD//wASAAAAAQACAAMABAAIAAwADQAOAA8AEAARABIAEwAUABUAFgAXAC4AB0FaRSAA5ENSVCAA5EZSQSAAWk1PTCAAtk5BViAAiFJPTSAAtlRSSyAA5AAA//8AEwAAAAEAAgADAAQABwAIAAwADQAOAA8AEAARABIAEwAUABUAFgAXAAD//wAUAAAAAQACAAMABAAGAAgACQAMAA0ADgAPABAAEQASABMAFAAVABYAFwAA//8AFAAAAAEAAgADAAQABgAIAAsADAANAA4ADwAQABEAEgATABQAFQAWABcAAP//ABQAAAABAAIAAwAEAAYACAAKAAwADQAOAA8AEAARABIAEwAUABUAFgAXAAD//wATAAAAAQACAAMABAAFAAgADAANAA4ADwAQABEAEgATABQAFQAWABcAGGMyc2MAkmNjbXAAmGRsaWcAoGRub20ApmZyYWMArGxpZ2EAtmxpZ2EAvGxpZ2EAyGxudW0A0GxvY2wA1mxvY2wA3GxvY2wA4m51bXIA6G9udW0A7nBudW0A9HNtY3AA+nNzMDEBAHNzMDIBBnNzMDMBDHNzMDQBEnNzMDUBGHNzMDYBHnNzMDcBJHRudW0BKgAAAAEAAAAAAAIAAgAEAAAAAQAKAAAAAQAYAAAAAwAWABcAGQAAAAEACQAAAAQACAAJAAgACQAAAAIACAAJAAAAAQAVAAAAAQAHAAAAAQAFAAAAAQAGAAAAAQAZAAAAAQASAAAAAQATAAAAAQABAAAAAQALAAAAAQAMAAAAAQANAAAAAQAOAAAAAQAPAAAAAQAQAAAAAQARAAAAAQAUABoANgQwB+4IoAjKD24PhA+uD8IP5hAQEEwQYBB0EIgQmhC0EPYRFBFmEawSDhJsEoASsBLSAAEAAAABAAgAAgH6APoB5wJxAdEB0AHPAc4BzQHMAcsBygHJAcgCMwIyAjECMAIoAeYB5QHkAeMB4gHhAeAB3wHeAd0B3AHbAdoB2QHYAdcB1gHVAdQB0wHSAegB6QJzAnUCdAJ2AnICdwJSAeoB6wHsAe0B7gHvAfAB8QHyAfMB9AH1AfYB9wH4AfkB+gH7AfwB/QH+AgACAQT+AgICAwIEAgUCBgIHAggCCQIKAgsCOwINAg4CDwIQBPgCEQITAhQCFQIWAhcCGAIZAhsCHAIeAh0DLwMwAzEDMgMzAzQDNQM2AzcDOAM5AzoDOwM8Az0DPgM/A0ADQQNCA0MDRANFA0YDRwNIA0kDSgNLA0wDTQNOA08DUANRA1IDUwNUA1UDVgNXA1gDWQNaA1sDXANdA14DXwNgA2EDYgNjBP8DZANlA2YDZwNoA2kDagNrA2wDbQNuA28DcANxA3IDcwN0A3UFAgN2A3cDeQN4A3oDewN8A30DfgN/A4ADgQOCA4MDhAOFBQAFAQTLBMwEzQTOBM8E0ATRBNIE0wTUBNUE1gTXBNgE2QTaBNsE3ATdBN4E3wTgBOEE4gTjBOQE5QTmBOcB/wToBOkE6gTrBOwE7QTuBO8E8ATxBPIE8wT0BPUE9gUDBQQFBQUGBPcE+QT6BPwCGgT9BPsCDAISBQsFDAABAPoACAAKABQAFQAWABcAGAAZABoAGwAcAB0AJQAmACcAKAApACoAKwAsAC0ALgAvADAAMQAyADMANAA1ADYANwA4ADkAOgA7ADwAPQA+AGUAZwCBAIMAhACMAI8AkQCTALEAsgCzALQAtQC2ALcAuAC5ALoA0gDTANQA1QDWANcA2ADZANoA2wDcAN0A3gDfAOAA4QDiAOMA5ADlAOYA5wDoAOkBLwEzATUBNwE5ATsBQQFDAUUBSQFLAUwBWAFZAZcBnQGiAaUCegJ7An0CfwKAAoECggKDAoQChQKGAocCiAKJAooCiwKMAo0CjgKPApACkQKSApMClAKVApYClwKYApkCtgK4AroCvAK+AsACwgLEAsYCyALKAswCzgLQAtIC1ALWAtgC2gLcAt4C4ALiAuMC5QLnAukC6wLtAu8C8QLzAvUC+AL6AvwC/gMAAwIDBAMGAwgDCgMMAw4DEAMSAxQDFgMYAxoDHAMeAyADIgMkAyUDJwMpAysDLQOGA4cDiAOJA4oDiwOMA44DjwOQA5EDkgOTA5QDlQOWA5cDmAOZA5oDmwOcA50DrQOuA68DsAOxA7IDswO0A7UDtgO3A7gDuQO6A7sDvAO9A74DvwPAA8EDwgPTA9UD1wPZA+4D8APyBAcEDQQTBH0EggSGBQcFCQABAAAAAQAIAAIB3ADrAnECMwIyAjECMAIoAeYB5QHkAeMB4gHhAeAB3wHeAd0B3AHbAdoB2QHYAdcB1gHVAdQB0wHSAmQCcwMwAnUCdAMvAeMCcgJ3AlIE0gTTAeoB6wTUBNUE1gHsBNcB7QHuAe8E3AHwAfAE3QTeAfEB8gHzAfoE6wTsAfsB/AH9Af4B/wIABO8E8ATyBPUE/gICAgMCBAIFAgYCBwIIAgkCCgILAfQB9QH2AfcB+AH5AjsCDQIOAg8CEAT4AhECEwIUAhUCFwIZAnYDMQMyAzMDNAM1AzYDNwM4AzkDOgM7AzwDPQM+Az8DQANBA0IDQwNEA0UDRgNHA0gDSQNKA0sDTAOCA00DTgNPA1ADUQNSA1MDVANVA1YDVwNYA1kDWgNbA1wDXQNeA18DYANhA2IE/wNkA2UDZgNnA2gDaQNqA2sDbANtA24DbwNwA3EDcgNzA3QDdQUCA3YDdwN5A3gDegN7A3wDfQN+A38DgAOBA4MDhAOFBQAFAQTLBMwEzQTOBNgE2wTZBNoE3wTgBOEEzwTQBNEE6gTtBO4E8QTzBPQCAQT2BOIE4wTkBOUE5gTnBOgE6QUDBQQFBQUGBPcE+QT6AhgE/AIaBP0E+wIWAgwCEgULBQwAAQDrAAoARQBGAEcASABJAEoASwBMAE0ATgBPAFAAUQBSAFMAVABVAFYAVwBYAFkAWgBbAFwAXQBeAIUAhgCHAIkAigCLAI0AkACSAJQAuwC8AL0AvgC/AMAAwQDCAMMAxADFAMYAxwDIAMkAygDLAMwAzQDOAOoA6wDsAO0A7gDvAPAA8QDyAPMA9AD1APYA9wD4APkA+gD7APwA/QD+AP8BAAEBAQIBAwEEAQUBBgEHATABNAE2ATgBOgE8AUIBRAFGAUoBTQFaAnwCfgKaApsCnAKdAp4CnwKgAqECogKjAqQCpQKmAqcCqAKpAqoCqwKsAq0CrgKvArACsQKyArMCtAK1ArcCuQK7Ar0CvwLBAsMCxQLHAskCywLNAs8C0QLTAtUC1wLZAtsC3QLfAuEC5ALmAugC6gLsAu4C8ALyAvQC9gL5AvsC/QL/AwEDAwMFAwcDCQMLAw0DDwMRAxMDFQMXAxkDGwMdAx8DIQMjAyYDKAMqAywDLgOeA58DoAOhA6MDpAOlA6YDpwOoA6kDqgOrA6wDwwPEA8UDxgPHA8gDyQPKA8sDzAPNA84DzwPQA9ED0gPUA9YD2APaA+8D8QPzBAEECAQOBBQEfgR/BIMEhwUIBQoABgAAAAYAEgAqAEIAWgByAIoAAwAAAAEAEgABAJAAAQAAAAMAAQABAE0AAwAAAAEAEgABAHgAAQAAAAMAAQABAE4AAwAAAAEAEgABAGAAAQAAAAMAAQABAuEAAwAAAAEAEgABAEgAAQAAAAMAAQABA84AAwAAAAEAEgABADAAAQAAAAMAAQABA9AAAwAAAAEAEgABABgAAQAAAAMAAQABBEkAAgACAKgArAAAASQBJwAFAAEAAAABAAgAAgASAAYCYQJfAmICYwJgBQ0AAQAGAE0ATgLhA84D0ARJAAQAAAABAAgAAQYyADYAcgCkAK4AuADKAPwBDgEYAUoBZAF+AZABugH2AgACIgI8Ak4CigKcArYC4ALyAyQDLgM4A0oDfAOGA5ADmgO0A84D4AQKBDwERgRoBIIElATGBNgE8gUcBS4FOAVCBUwFVgWABaoF1AX+BigABgAOABQAGgAgACYALAKAAAIAqQQeAAIArQJ/AAIAqAQgAAIAqwKCAAIAqgSZAAIArAABAAQEpgACAK0AAQAEArwAAgCpAAIABgAMBKoAAgG6BKgAAgCtAAYADgAUABoAIAAmACwCiAACAKkENgACAK0ChwACAKgEOAACAKsEOgACAKoEmwACAKwAAgAGAAwElQACAKkC1gACAboAAQAEBKwAAgCtAAYADgAUABoAIAAmACwCjAACAKkESAACAK0CiwACAKgERgACAKsC2gACAKoEnQACAKwAAwAIAA4AFASuAAIAqQLnAAIBugSwAAIArQADAAgADgAUAukAAgCpAusAAgG6BLIAAgCtAAIABgAMA+AAAgCpBLQAAgCtAAUADAASABgAHgAkAvEAAgCpAvMAAgG6BLYAAgCtBJcAAgCoAo8AAgCqAAcAEAAYAB4AJAAqADAANgS4AAMAqgCpApEAAgCpBEoAAgCtApAAAgCoBEwAAgCrApMAAgCqBJ8AAgCsAAEABAS5AAIAqQAEAAoAEAAWABwC/gACAKkDAAACAboEuwACAK0EoQACAKwAAwAIAA4AFAMEAAIAqQMKAAIBugS9AAIArQACAAYADAMOAAIBugS/AAIArQAHABAAGAAeACQAKgAwADYEwQADAKoAqQKWAAIAqQRiAAIArQKVAAIAqARkAAIAqwMUAAIAqgSjAAIArAACAAYADATEAAIArQTCAAIAqgADAAgADgAUA9UAAgCpBMYAAgCtA9MAAgCoAAUADAASABgAHgAkApkAAgCpBHAAAgCtA9kAAgCoBHIAAgCrBHQAAgCqAAIABgAMAyUAAgCpBMgAAgCtAAYADgAUABoAIAAmACwCmwACAKkEHwACAK0CmgACAKgEIQACAKsCnQACAKoEmgACAKwAAQAEBKcAAgCtAAEABAK9AAIAqQACAAYADASrAAIBugSpAAIArQAGAA4AFAAaACAAJgAsAqMAAgCpBDcAAgCtAqIAAgCoBDkAAgCrBDsAAgCqBJwAAgCsAAEABASWAAIAqQABAAQErQACAK0AAQAEBEkAAgCtAAMACAAOABQErwACAKkC6AACAboEsQACAK0AAwAIAA4AFALqAAIAqQLsAAIBugSzAAIArQACAAYADAPhAAIAqQS1AAIArQAFAAwAEgAYAB4AJALyAAIAqQL0AAIBugS3AAIArQSYAAIAqAKqAAIAqgAGAA4AFAAaACAAJgAsAqwAAgCpBEsAAgCtAqsAAgCoBE0AAgCrAq4AAgCqBKAAAgCsAAEABAS6AAIAqQAEAAoAEAAWABwC/wACAKkDAQACAboEvAACAK0EogACAKwAAwAIAA4AFAMFAAIAqQMLAAIBugS+AAIArQACAAYADAMPAAIBugTAAAIArQAGAA4AFAAaACAAJgAsArEAAgCpBGMAAgCtArAAAgCoBGUAAgCrAxUAAgCqBKQAAgCsAAIABgAMBMUAAgCtBMMAAgCqAAMACAAOABQD1gACAKkExwACAK0D1AACAKgABQAMABIAGAAeACQCtAACAKkEcQACAK0D2gACAKgEcwACAKsEdQACAKoAAgAGAAwDJgACAKkEyQACAK0AAQAEAysAAgCpAAEABAMtAAIAqQABAAQDLAACAKkAAQAEAy4AAgCpAAUADAASABgAHgAkAqcAAgCpAqYAAgCoBEcAAgCrAtsAAgCqBJ4AAgCsAAUADAASABgAHgAkBFgAAgCpBGAAAgCtBFoAAgCoBFwAAgCrBF4AAgCqAAUADAASABgAHgAkBFkAAgCpBGEAAgCtBFsAAgCoBF0AAgCrBF8AAgCqAAUADAASABgAHgAkBGYAAgCpBG4AAgCtBGgAAgCoBGoAAgCrBGwAAgCqAAUADAASABgAHgAkBGcAAgCpBG8AAgCtBGkAAgCoBGsAAgCrBG0AAgCqAAEABASlAAIAqQACABEAJQApAAAAKwAtAAUALwA0AAgANgA7AA4APQA+ABQARQBJABYASwBNABsATwBUAB4AVgBbACQAXQBeACoAgQCBACwAgwCDAC0AhgCGAC4AiQCJAC8AjQCNADAAmACbADEA0ADQADUAAQAAAAEACAABAAYAAgABAAIDCAMJAAEAAAABAAgAAgASAAYFBwUIBQkFCgULBQwAAQAGAroCuwLMAs0DTwNYAAEAAAABAAgAAQAGAAEAAQABAXsABAAAAAEACAABAEAAAQAIAAIABgAOAb4AAwBKAE0BvAACAE0ABAAAAAEACAABABwAAQAIAAIABgAOAb8AAwBKAFABvQACAFAAAQABAEoABAAAAAEACAABACoAAwAMABYAIAABAAQBuwACAEoAAQAEAcEAAgBYAAEABAHAAAIAWAABAAMASgBXAJUAAQAAAAEACAABAAYB3gABAAEASwABAAAAAQAIAAEABgFvAAEAAQC7AAEAAAABAAgAAQAGAfUAAQABADYAAQAAAAEACAACABwAAgIsAi0AAQAAAAEACAACAAoAAgIuAi8AAQACAC8ATwABAAAAAQAIAAIAHgAMAkUCRwJGAkgCSQJnAmgCaQJqAmsCbAJtAAEADAAnACgAKwAzADUARgBHAEgASwBTAFQAVQABAAAAAQAIAAIADAADAm4CbwJvAAEAAwBJAEsCagABAAAAAQAIAAIALgAUAloCXgJYAlUCVwJWAlsCWQJdAlwCTwJKAksCTAJNAk4AGgAcAlMCZQACAAQAFAAdAAACZgJmAAoCcAJwAAsEjQSUAAwAAQAAAAEACAACAC4AFASUAnAEjQSOBI8EkASRAmYEkgSTAkwCTgJNAksCTwJlABoCUwAcAkoAAgACABQAHQAAAlUCXgAKAAEAAAABAAgAAgAuABQCWwJdAl4CWAJVAlcCVgJZAlwCWgAbABUAFgAXABgAGQAaABwAHQAUAAEAFAAaABwCSgJLAkwCTQJOAk8CUwJlAmYCcASNBI4EjwSQBJEEkgSTBJQAAQAAAAEACAACAC4AFASRBJICcASNBI4EjwSQAmYEkwAXABkAGAAWABsAFAAaAB0AHAAVBJQAAgAGABoAGgAAABwAHAABAkoCTwACAlMCUwAIAlUCXgAJAmUCZQATAAEAAAABAAgAAQAGAYEAAQABABMABgAAAAEACAADAAEAEgABAGwAAAABAAAAGAACAAMBlAGUAAABxQHHAAECHwIlAAQAAQAAAAEACAACADwACgHHAcYBxQIfAiACIQIiAiMCJAIlAAEAAAABAAgAAgAaAAoCPgB6AHMAdAI/AkACQQJCAkMCRAACAAEAFAAdAAA=);
  font-weight: 300;
}
@font-face {
  font-family: 'Roboto';
  src: url(data:font/ttf;base64,AAEAAAASAQAABAAgR0RFRrRCsIIAAhxIAAACYkdQT1P5bkuGAAIerAAAZS5HU1VC64LkWQACg9wAABWQT1MvMpiusakAAf6QAAAAYGNtYXABd1geAAIECAAAEkZjdnQgK34EtQACGTgAAABIZnBnbV/yGqsAAhZQAAABvGdhc3AACAATAAIcPAAAAAxnbHlmn5ZI2QAAASwAAd6QaGRteICPjqUAAf7wAAAFGGhlYWT819JcAAHp/AAAADZoaGVhCyYK2gAB/mwAAAAkaG10eCecEV0AAeo0AAAUOGxvY2F38/pDAAHf3AAACh5tYXhwBz4DEQAB37wAAAAgbmFtZTXeZBkAAhmAAAACnHBvc3T/bQBkAAIcHAAAACBwcmVwKnY2MAACGAwAAAEpAAUAZAAAAygFsAADAAYACQAMAA8AUACwAEVYsAIvG7ECGD5ZsABFWLAALxuxAAw+WbIEAgAREjmyBQIAERI5sgcCABESObIIAgAREjmwCtyyDAIAERI5sg0CABESObACELAO3DAxISERIQMRAQERAQMhATUBIQMo/TwCxDb+7v66AQzkAgP+/gEC/f0FsPqkBQf9fQJ3+xECeP1eAl6IAl4AAAIAfP/wAb8FsAADAA4APLIEDxAREjmwBBCwAdAAsABFWLADLxuxAxg+WbAARViwCi8bsQoMPlmxBAawCitYIdgb9FmwANCwAC8wMQEjAyEDMhYVFAYjIiY0NgGV8CIBNJpJWVlJSFlZAb8D8ftxVkNCVlaEVwACAEAD2wJPBgAABAAJACayBAoLERI5sAQQsAjQALADL7ICCgMREjmwAi+wB9CwAxCwCNAwMQEDIxEzBQMjETMBCiiiygFFJ6LJBXb+ZQIliv5lAiUAAAIAQAAABJwFsAAbAB8AnrIfICEREjmwHxCwDtAAsABFWLAMLxuxDBg+WbAARViwEC8bsRAYPlmwAEVYsAIvG7ECDD5ZsABFWLAaLxuxGgw+WbIdDAIREjl8sB0vGLEAB7AKK1gh2Bv0WbAE0LAdELAG0LAdELAL0LALL7EIB7AKK1gh2Bv0WbALELAO0LALELAS0LAIELAU0LAdELAW0LAAELAY0LAIELAe0DAxASMDIxMjNSETIzUhEzMDMxMzAzMVIwMzFSMDIwMzEyMCm8FIt0jjAQEy6AEHSbZJwkm3Sdv6MuD+SLdbwTLCAZr+ZgGarAEcrgGg/mABoP5grv7krP5mAkYBHAAAAQBc/ykENwaXAC0AcrIrLi8REjkAsABFWLAKLxuxChg+WbAARViwIS8bsSEMPlmyAiEKERI5sAoQsA3QshEKIRESObAKELEUAbAKK1gh2Bv0WbACELEaAbAKK1gh2Bv0WbAhELAk0LIoIQoREjmwIRCxKwGwCitYIdgb9FkwMQE0LgQ1NDY3NTMVFhYVITQmIyIGFRQeBBUUBgcVIzUmJjUhFBYzMjYDFlvannE/2LOgscj+32NTUlpY75pqONS6n83hASFxalhmAX9SYVJRaY5iqdgS1tkZ9cN4d11STFxgVWuJW6rUE8fGFvfNd39dAAAFAF//7AWQBcUADQAaACgANAA4AIeyNzk6ERI5sDcQsAbQsBTQsDcQsCHQsC/QALA1L7A3L7AARViwAy8bsQMYPlmwAEVYsCUvG7ElDD5ZsAMQsArQsAovsRECsAorWCHYG/RZsAMQsRcCsAorWCHYG/RZsCUQsB7QsB4vsCUQsSwCsAorWCHYG/RZsB4QsTICsAorWCHYG/RZMDETNDYzMhYVFRQGIyImNRcUFjI2NTU0JiMiBhUBNDYzMhYVFRQGIyImNRcUFjMyNTU0JiIGFQUnARdfro2Prq6Njq/ARXBCQjo3RAH4sIyOr6yPkK7ASDZ6RHBE/f6NAseNBJiGp6WNSIekpYwGPElKPko8SklB/NGHpaOPSIalpokEN06HTDxJST/1TARyTAADAEf/7AUoBcQAHAAlADAAdLIPMTIREjmwDxCwHtCwDxCwKtAAsABFWLAJLxuxCRg+WbAARViwFi8bsRYMPlmwAEVYsBovG7EaDD5ZshAJFhESObISGgkREjmxHQGwCitYIdgb9FmyIAkWERI5sigJFhESObAJELEuAbAKK1gh2Bv0WTAxEzQ2NyYmNTQ2MzIWFRQHBxM2NTMQBxchJwYjIiQlMjcBBwYVFBYDFBc3NjY0JiMiBkdxl0FK17aj0bBw+zv2g9r+uEuh0dj+/AHqaF3+4RVZbxFYTTstSjo+SwGIZaxpV5lTqtXCka6FUf7cdIz+5LD9VmrjBToBTA9MZ1dtA3VLcjMmSGRKUAABAD8D2QETBgAABAAXsgEFBhESOQCwAy+yAgUDERI5sAIvMDEBAyMRMwETHbfUBW3+bAInAAABAHz+OQKnBlAAEQAQsgcSExESOQCwDS+wBC8wMRM0EhI3FwYCERUQEhcHJgICJ3x67os4kqSilDiI63wEAlDlAZ4BPz6cbP48/tIf/tH+OnCZPQE1AZTcAAABACj+OQJhBlAAEQAQsggSExESOQCwDS+wBC8wMQEUAgIHJzYSEzUQAic3FhISFwJhgvSLOI6kA6OSOIjxhQMCOeL+Xv7APJlrAb4BIjUBKwHIcpk7/sr+ZN0AAAEAGwI8A5MFsAAOACAAsABFWLAELxuxBBg+WbAA0BmwAC8YsAnQGbAJLxgwMQElNwUDMwMlFwUTBwMDJwFV/sY7ATcUxBQBLzv+wNKftrSfA8JZtX0BXf6ce7dZ/vZxAST+5mwAAAEAOQCSBB8EtgALABsAsAkvsADQsAkQsQYBsAorWCHYG/RZsAPQMDEBIREhESERIREhESECtgFp/pf+7f6WAWoBEwMv/vv+aAGYAQUBhwAAAQAj/pMBgAD2AAkAH7IJCgsREjkAsAovsQUGsAorWCHYG/RZsADQsAAvMDETJzc2NzUzBwYGupckQwL0AQFu/pNPQXp54Mhv4gABAG4B+wKhAuQAAwASALACL7EBAbAKK1gh2Bv0WTAxASE1IQKh/c0CMwH76QAAAQB+//UBxQEpAAsAI7IDDA0REjkAsABFWLAJLxuxCQw+WbEDBrAKK1gh2Bv0WTAxNzQ2MzIWFRQGIyImfl1GR11cSEdcjkVWVkVEVVUAAf/z/4MC4gWwAAMAEwCwAC+wAEVYsAIvG7ECGD5ZMDEXIwEzytcCGNd9Bi0AAAIAX//sBDcFxAAMABoASLIDGxwREjmwAxCwENAAsABFWLAJLxuxCRg+WbAARViwAy8bsQMMPlmwCRCxEAGwCitYIdgb9FmwAxCxFwGwCitYIdgb9FkwMQEQAiMiAgMREBIgEhMlNCYjIgYHERQWMzI2NwQ3+vHu/AP9Adz8A/7fY2lmYQNha2peAgJa/tL+wAE6ASUBDAExATz+x/7bGrWlnaf+nrKtpqsAAQCnAAADIQWyAAYAOgCwAEVYsAUvG7EFGD5ZsABFWLAALxuxAAw+WbIEAAUREjmwBC+xAwGwCitYIdgb9FmyAgMFERI5MDEhIREFNSUzAyH+3/6nAlsfBFpr69gAAAEARgAABEkFxAAZAFuyERobERI5ALAARViwES8bsREYPlmwAEVYsAAvG7EADD5ZsRgBsAorWCHYG/RZsgIAGBESObIDEQAREjmwERCxCQGwCitYIdgb9FmyDAARERI5shYRABESOTAxISE1ATY2NTQmIyIGFSE0NjYzMhYVFAYHASEESfwaAddhXWJbYnH+3n/ok+H5cIj+tQJyxgH2ap5HYW+HboXcfdjFbOCV/qMAAQBA/+wEMwXEACgAkbIHKSoREjkAsABFWLAPLxuxDxg+WbAARViwGy8bsRsMPlmyAQ8bERI5sAEvtG8BfwECXbR/AY8BAnG03wHvAQJdsv8BAXG0OQFJAQJdsA8QsQcBsAorWCHYG/RZsgoPGxESObABELEnAbAKK1gh2Bv0WbIVJwEREjmyHxsPERI5sBsQsSIBsAorWCHYG/RZMDEBMzI2NTQmIyIGFSE0NjYzMgQVFAYHFhYVFAQjIiQ1IRQWMzI2NTQjIwGJmm5qaVxTcP7fe92F5wEGemN7ef7l6dr+6wEhe1pndfCZA1huW1hiW0lytWbdwmSoLSyweMLq5r1SaG1a2gAAAgA3AAAEXwWwAAoADgBKALAARViwCS8bsQkYPlmwAEVYsAQvG7EEDD5ZsgEJBBESObABL7ECAbAKK1gh2Bv0WbAG0LABELAL0LIIBgsREjmyDQkEERI5MDEBMxUjESERIScBIQEhEQcDuqWl/t/9qw0CXwEk/Z0BQhMCJOn+xQE7tgO//HQCAiEAAQBp/+wEQgWwAB8AbbIWICEREjkAsABFWLABLxuxARg+WbAARViwDi8bsQ4MPlmwARCxAwGwCitYIdgb9FmyBwEOERI5sAcvsRwBsAorWCHYG/RZsgUHHBESObAOELEWAbAKK1gh2Bv0WbITFhwREjmyHxwWERI5MDETEyEVIQM2MzISFRQGBiMiJiYnIRYWMzI2NTQmIyIHB45UAzD9vSRndNDsd96XhOKDBAEeCW1YYmp6cGdAHALMAuTx/sc3/v7ojd97a8J8W2WNgXyENhoAAgBk/+wETwW/ABYAIwBeshckJRESObAXELAO0ACwAEVYsAAvG7EAGD5ZsABFWLAOLxuxDgw+WbAAELEBAbAKK1gh2Bv0WbIHAA4REjmwBy+xFwGwCitYIdgb9FmwDhCxHgGwCitYIdgb9FkwMQEVIwYGBzYzMhIVFAYGIyIAETU0EiQ3AyIGBxUUFjMyNjU0JgNzHMTvGHSxvuB74Y7m/uWzAU/d6kZyG3JnXXN0Bb/uA8awdv7w3o7mgAFAAQto7QFrxwH9J0k8WJGjk3V3kgAAAQA9AAAEQQWwAAYAMwCwAEVYsAUvG7EFGD5ZsABFWLABLxuxAQw+WbAFELEDAbAKK1gh2Bv0WbIAAwUREjkwMQEBIQEhNSEEQf3N/s8CNP0sBAQFDvryBMbqAAADAF//7AQ3BcQAFgAiAC0AgLIULi8REjmwFBCwGtCwFBCwJtAAsABFWLAULxuxFBg+WbAARViwCS8bsQkMPlmyKwkUERI5sCsvtG8rfysCXbTfK+8rAl2xGgGwCitYIdgb9FmyAxorERI5sg4rGhESObAJELEgAbAKK1gh2Bv0WbAUELEmAbAKK1gh2Bv0WTAxARQGBxYWFRQEICQ1NDY3JiY1NDYzMhYBNCYjIgYVFBYzMjYDNCYjIgYVFBYyNgQYal1qfP74/jr+9nxpXWn41dT5/v1uXVxubGBeax5aUlFaWqRZBC1qpDEzs3nC4eLBebQyMaRqut3b/LtfcnFgXXJuAtxVZ2RYV2pqAAACAFb/8gQsBcQAFQAiAGCyFiMkERI5sBYQsAnQALAARViwCS8bsQkYPlmwAEVYsBIvG7ESDD5ZshYJEhESOXywFi8YsQIBsAorWCHYG/RZsBIQsRMBsAorWCHYG/RZsAkQsR0BsAorWCHYG/RZMDEBBiMiAjU0NjYzMhYSFxUQAAUHNTckAzI2NzU0JiMiBhUUFgMHcZfB6H3gjJDgfAH+lv60R0ABeaJGZRpwXldwbQJGbwEJ4Y/vhZD+8q5r/pT+YA4B8QERAb9IM3eTop94d5kA//8Aff/1AcQEXAAmABL/AAEHABL//wMzAAYAsA8vMDH//wA5/pMBswRcACcAEv/uAzMBBgAQFgAABgCwAy8wMQABADYAiQOTBE8ABgAWALAARViwBS8bsQUUPlmwAtCwAi8wMQEFEQE1AREBWQI6/KMDXQJqyf7oAW3sAW3+6AAAAgCIATkEBgPWAAMABwAnALAHL7AD0LADL7EAAbAKK1gh2Bv0WbAHELEEAbAKK1gh2Bv0WTAxASE1IREhNSEEBvyCA378ggN+Aurs/WPsAAABAHgAiAPfBE4ABgAWALAARViwAi8bsQIUPlmwBdCwBS8wMQElEQEVARECvf27A2f8mQJtywEW/pPr/pIBFwAAAgAt//QDsgXEABgAIgBgsgcjJBESObAHELAc0ACwAEVYsA4vG7EOGD5ZsABFWLAhLxuxIQw+WbEbBrAKK1gh2Bv0WbAA0LAAL7IDAA4REjmwDhCxBwGwCitYIdgb9FmyCg4AERI5shUADhESOTAxATQ+AjU0IyIGByE2NjMyFhUUBgcHBgcHATQ2MhYVFAYiJgFbRLU8nEpZAv7eAvPS1OpMX1FMCwT+41uOW1mSWQG/jKahZTipW1C/2M27VZdcTUliPf7NQ1dXQ0JWVgACAEv+OwbgBYgANQBBAH6yOkJDERI5sDoQsCPQALAARViwCC8bsQgMPlmwA9CwCBCxOQewCitYIdgb9FmyBgg5ERI5sAgQsA/QsA8vsDkQsBbQsA8QsDLQsDIvsRwHsAorWCHYG/RZsAgQsCrQsCovsSMHsAorWCHYG/RZsA8QsT8HsAorWCHYG/RZMDEBAgIjIiYnBiMiJjc2EjYzMhcXAwYWMzI2NxIAISIEAgcCACEyNjcXBgYjICQCExISJDMyBBIBBhYzMjY3EyYjIgYG1Qvnw1Z9IGShkqAUEoPIdI9lPzMKNzxcfAYR/sX+y8H+0q4LEAE8ATtTtkImPc9p/vj+jLcMDOQBiff7AWq0/AgLREwxWB0qJylzfwIY/wD+00pFjPbKpQEBikIr/b5PVNeuAV0Bd8T+l+n+nv59JR+aKDHVAZ8BIAEUAbbv1/5w/o2EiVZRAdkNxAACAAcAAAVcBbAABwAKAEcAsABFWLAELxuxBBg+WbAARViwAi8bsQIMPlmwAEVYsAYvG7EGDD5ZsgkEAhESObAJL7EAAbAKK1gh2Bv0WbIKBAIREjkwMQEhAyEBIQEhASEDA7j98mT+wQIeARYCIf7B/d4BbLcBLP7UBbD6UAIfAiEAAwCCAAAEvAWwAA4AFgAeAJayGB8gERI5sBgQsALQsBgQsBHQALAARViwAS8bsQEYPlmwAEVYsAAvG7EADD5ZshcAARESObAXL7TfF+8XAl20fxePFwJxsh8XAXKy/xcBcbQPFx8XAnG0bxd/FwJdso8XAXKxDwGwCitYIdgb9FmyCA8XERI5sAAQsRABsAorWCHYG/RZsAEQsR0BsAorWCHYG/RZMDEzESEgBBUUBgcWFhUUBAcBESEyNjU0JyUzNjU0JiMjggH+AQkBEm5icIH+9Pj+9gEBanfP/u3e43N80gWwy8RroyYcqnvS2AICev53ZVnIA9QEsWNXAAABAFb/7AT7BcQAHABHALAARViwCy8bsQsYPlmwAEVYsAMvG7EDDD5ZsAsQsA/QsAsQsRIBsAorWCHYG/RZsAMQsRkBsAorWCHYG/RZsAMQsBzQMDEBBgAhIAARNTQSJDMyABchJiYjIgYHFRQWMzI2NwT5Ef7H/wD+6P6/lAETtvwBNBj+1AuHipaVAo+ai4kKAeXr/vIBeQFJWdIBQKv+8vSNf9fibuzaf4UAAgCCAAAE2wWwAAsAFQA7ALAARViwAS8bsQEYPlmwAEVYsAAvG7EADD5ZsAEQsQwBsAorWCHYG/RZsAAQsQ0BsAorWCHYG/RZMDEzESEyBBIVFRQCBAcDETMyNjc1NCYjggHAwAEvqqf+0L+XkbC6ArixBbCt/sHLQ8v+xK4BBL38NObWTd7lAAEAggAABFIFsAALAFgAsABFWLAGLxuxBhg+WbAARViwBC8bsQQMPlmyCwQGERI5sAsvtDoLSgsCXbEAAbAKK1gh2Bv0WbAEELECAbAKK1gh2Bv0WbAGELEIAbAKK1gh2Bv0WTAxASERIRUhESEVIREhA+79wAKk/DADzv1eAkACd/568QWw8/6lAAEAggAABDYFsAAJAFMAsABFWLAELxuxBBg+WbAARViwAi8bsQIMPlmyCQIEERI5sAkvsp8JAV20bAl8CQJdskkJAV2xAAGwCitYIdgb9FmwBBCxBgGwCitYIdgb9FkwMQEhESERIRUhESED7v3A/tQDtP14AkACU/2tBbDz/ogAAQBe/+wFAgXEACAAc7IMISIREjkAsABFWLAMLxuxDBg+WbAARViwAy8bsQMMPlmyHwwDERI5sB8vtN8f7x8CXbJfHwFdsh8fAXGyEB8MERI5sAwQsRMBsAorWCHYG/RZsAMQsRoBsAorWCHYG/RZsB8QsR4BsAorWCHYG/RZMDElBgQjIiQCJzU0EiQzIAQXISYmIyIGBxUUFjMyNzUhNSEFAlH+2LS9/uObApMBFboBAwEkG/7cFIl4maABrqipSP7vAj24YWulATrUY9oBP6n37H105uNd5epI+90AAQCCAAAFIwWwAAsATQCwAEVYsAYvG7EGGD5ZsABFWLAKLxuxChg+WbAARViwAC8bsQAMPlmwAEVYsAQvG7EEDD5ZsgkKABESObAJL7ECAbAKK1gh2Bv0WTAxISERIREhESERIREhBSP+1P23/tQBLAJJASwCcP2QBbD9sgJOAAABAJUAAAHBBbAAAwAdALAARViwAi8bsQIYPlmwAEVYsAAvG7EADD5ZMDEhIREhAcH+1AEsBbAAAAEAKP/sA/kFsAAQADCyBhESERI5ALAARViwAC8bsQAYPlmwAEVYsAYvG7EGDD5ZsQ0BsAorWCHYG/RZMDEBIREUBgYjIiQ1IRQWMzI2NQLNASx74I3n/v4BLlphVmYFsPwQi9V069drZnZtAAEAggAABSUFsAAMAEyyAA0OERI5ALAARViwBC8bsQQYPlmwAEVYsAgvG7EIGD5ZsABFWLACLxuxAgw+WbAARViwCy8bsQsMPlmyAAQCERI5sgYEAhESOTAxAQcRIREhETcBIQEBIQJKnP7UASyEAXMBcf37AhT+mwJIqP5gBbD9bLUB3/15/NcAAAEAggAABCsFsAAFACkAsABFWLAELxuxBBg+WbAARViwAi8bsQIMPlmxAAGwCitYIdgb9FkwMSUhFSERIQGuAn38VwEs8fEFsAAAAQCCAAAGfgWwAA4AWQCwAEVYsAAvG7EAGD5ZsABFWLACLxuxAhg+WbAARViwBC8bsQQMPlmwAEVYsAgvG7EIDD5ZsABFWLAMLxuxDAw+WbIBAAQREjmyBwAEERI5sgoABBESOTAxCQIhESEREwEjARMRIRECCgF2AXQBiv7THv53zv54Hv7UBbD74AQg+lABjgKv+8MEPP1S/nIFsAABAIIAAAUiBbAACQBMsgEKCxESOQCwAEVYsAUvG7EFGD5ZsABFWLAILxuxCBg+WbAARViwAC8bsQAMPlmwAEVYsAMvG7EDDD5ZsgIFABESObIHBQAREjkwMSEhAREhESEBESEFIv7U/bj+1AEsAkkBKwO+/EIFsPxAA8AAAgBW/+wFLgXEABAAHgBIsgQfIBESObAEELAU0ACwAEVYsAwvG7EMGD5ZsABFWLAELxuxBAw+WbAMELEUAbAKK1gh2Bv0WbAEELEbAbAKK1gh2Bv0WTAxARQCBCMiJAInNTQSJCAEEhUlNCYjIgYHFRQWMzI2NwUumP7lt7X+5JwBmwEbAWwBG5v+0KSYl6QBpJqXogECt9f+vLCuAUPSSNcBR6+v/rnWAeXu6+NH3/bt4wAAAgCCAAAE3QWwAAsAFABPsgsVFhESObALELAN0ACwAEVYsAMvG7EDGD5ZsABFWLABLxuxAQw+WbIMAwEREjmwDC+xAAGwCitYIdgb9FmwAxCxEwGwCitYIdgb9FkwMQERIREhMhYWFRQEISUhMjY1NCYnIQGu/tQCOKT5hv7b/v3++QEMd31+b/7tAgH9/wWweN2N1vfzcGhrhAIAAgBU/vwFLAXEABQAIgBIsggjJBESObAIELAf0ACwAEVYsBAvG7EQGD5ZsABFWLAILxuxCAw+WbAQELEYAbAKK1gh2Bv0WbAIELEfAbAKK1gh2Bv0WTAxARQCBxcHJQYjIiQCJzU0EiQgBBIVJTQmIyIGBxUUFjMyNjcFLIR18r/+yjU5tf7knAGbARsBbAEbm/7QpJiXpAGkmpeiAQK3zP7TW76p+QmuAUPSSNcBR6+v/rnWAeXu6+NH3/bt4wAAAgCCAAAE8AWwAA4AFwBjsgUYGRESObAFELAW0ACwAEVYsAQvG7EEGD5ZsABFWLACLxuxAgw+WbAARViwDS8bsQ0MPlmyEAQCERI5sBAvsQABsAorWCHYG/RZsgsABBESObAEELEWAbAKK1gh2Bv0WTAxASMRIREhIAQVFAYHARUhATMyNjU0JiMjAp3v/tQCHQECARiBgwE7/r7+APJxfHV58QIV/esFsObSlcc7/a0OAwhzZWd2AAEARf/sBKIFxAAnAGayEigpERI5ALAARViwCi8bsQoYPlmwAEVYsB4vG7EeDD5ZsgMeChESObIPCh4REjmwChCxEgGwCitYIdgb9FmwAxCxFwGwCitYIdgb9FmyIx4KERI5sB4QsSUBsAorWCHYG/RZMDEBNCYkJyY1NDY2MzIWFhUhNCYjIgYVFBYXBBYVFAQjIiQmNSEUITI2A3V4/shb+IX5m5z0h/7UfnJueo+LAQDq/uLyqP7skQEtASBreAF+VVtlMYbjdrlocc6DZG9dTEdgKk3kqr3Xe9aN8VcAAQAoAAAEygWwAAcALwCwAEVYsAYvG7EGGD5ZsABFWLACLxuxAgw+WbAGELEAAbAKK1gh2Bv0WbAE0DAxASERIREhNSEEyv5C/tT+SASiBL37QwS98wABAHT/7ATQBbAAEAA9sgQREhESOQCwAEVYsAAvG7EAGD5ZsABFWLAILxuxCBg+WbAARViwBC8bsQQMPlmxDQGwCitYIdgb9FkwMQERFAAhIgAnESERFBYzMhMRBND+1f79//7UAwEsiXn9BAWw/EHv/uoBDuwDyvw/j4MBCgPJAAEABwAABTQFsAAGADiyAAcIERI5ALAARViwAS8bsQEYPlmwAEVYsAUvG7EFGD5ZsABFWLADLxuxAww+WbIAAQMREjkwMQEBIQEhASECnAFKAU7+Bf7H/gcBTQFpBEf6UAWwAAABACMAAAbfBbAADABgsgUNDhESOQCwAEVYsAEvG7EBGD5ZsABFWLAILxuxCBg+WbAARViwCy8bsQsYPlmwAEVYsAMvG7EDDD5ZsABFWLAGLxuxBgw+WbIAAQMREjmyBQEDERI5sgoBAxESOTAxARMhASEDAyEBIRMTMwTwxAEr/r3+0u3t/tL+vQErxfD+AaQEDPpQA878MgWw+/YECgAAAQAWAAAFAAWwAAsAUwCwAEVYsAEvG7EBGD5ZsABFWLAKLxuxChg+WbAARViwBC8bsQQMPlmwAEVYsAcvG7EHDD5ZsgABBBESObIGAQQREjmyAwAGERI5sgkGABESOTAxAQEhAQEhAQEhAQEhAosBEQFZ/lgBs/6j/uj+6P6jAbP+WAFZA7oB9v0u/SIB/v4CAt4C0gAAAQACAAAE7wWwAAgAMQCwAEVYsAEvG7EBGD5ZsABFWLAHLxuxBxg+WbAARViwBC8bsQQMPlmyAAEEERI5MDEBASEBESERASECeAEvAUj+Iv7P/iIBSQMgApD8YP3wAhADoAABAEkAAASeBbAACQBGALAARViwBy8bsQcYPlmwAEVYsAIvG7ECDD5ZsQABsAorWCHYG/RZsgQAAhESObAHELEFAbAKK1gh2Bv0WbIJBQcREjkwMSUhFSE1ASE1IRUBwALe+6sC0P0xBETx8bAEDfOsAAABAHj+rQIoBp4ABwAkALAEL7AHL7EAAbAKK1gh2Bv0WbAEELEDAbAKK1gh2Bv0WTAxASMRMxUhESECKI6O/lABsAW/+c3fB/EAAAEAAP+DA4cFsAADABMAsAIvsABFWLAALxuxABg+WTAxESEBIQEnAmD+2AWw+dMAAAEADf6tAb0GngAHACcAsAIvsAEvsAIQsQUBsAorWCHYG/RZsAEQsQYBsAorWCHYG/RZMDETIREhNTMRIw0BsP5Qj48GnvgP3wYzAAABACwC2QNUBbAABgAnsgAHCBESOQCwAEVYsAMvG7EDGD5ZsADQsgEHAxESObABL7AF0DAxAQMjATMBIwHAruYBK9IBK+UEov43Atf9KQABAAH/HgOQAAAAAwAaALAARViwAy8bsQMMPlmwALAKK1jYG9xZMDEFITUhA5D8cQOP4uIAAQA0BMoCNQYAAAMAFgCwAS+yDwEBXbAC0LACL7IPAgFdMDEBIwEhAjXt/uwBOwTKATYAAAIARP/sBAYETgAeACkAeQCwAEVYsBcvG7EXFD5ZsABFWLAELxuxBAw+WbAARViwAC8bsQAMPlmyAgQXERI5sgsXABESObALL7KPCwFdsBcQsQ8BsAorWCHYG/RZshILFxESOXywEi8YsAQQsR8BsAorWCHYG/RZsAsQsSMIsAorWCHYG/RZMDEhJicGIyImNTQ2NzM1NCYjIgYVITQ2NjMyFhURFhcVJTI2NzUjIgcHFBYC4hQJaaif0f/xhU1TSVP+33TUhMjrASr97UBsGmzZDgFMJzp1uIysuAE+S1pGPV6gW8m2/iuaTxHJOTC6lhE2RgACAG//7AQ+BgAADwAbAGayExwdERI5sBMQsAvQALAJL7AARViwDC8bsQwUPlmwAEVYsAMvG7EDDD5ZsABFWLAGLxuxBgw+WbIFDAYREjmyCgwGERI5sAwQsRMBsAorWCHYG/RZsAMQsRgBsAorWCHYG/RZMDEBEAIjIicHIREhETYzMhIRJTQmIyIHERYzMjc2BD7ex7BpDf78ASFko8bh/t9oZ4o0NYuMLBUCE/78/t2HcwYA/dl1/t3++AWkl3H+VXKKQgABAEL/7AP2BE4AHABNshYdHhESOQCwAEVYsA8vG7EPFD5ZsABFWLAILxuxCAw+WbEAAbAKK1gh2Bv0WbIDCA8REjmyEw8IERI5sA8QsRYBsAorWCHYG/RZMDElMjY3IQ4CIyIAETU0ADMyFhchJiYjIgYVFRQWAjFQZAIBDwF2zXzo/vQBCujL9QL+8QJkUmVnZtVYSW63ZQEnAQQT+gEq58BUaZOlHqeSAAIAQv/sBBEGAAAOABgAY7IXGRoREjmwFxCwBNAAsAYvsABFWLADLxuxAxQ+WbAARViwCC8bsQgMPlmwAEVYsAwvG7EMDD5ZsgUDCBESObIKAwgREjmxEgGwCitYIdgb9FmwAxCxFwGwCitYIdgb9FkwMRM0EjMyFxEhESEnBiMiAiUUFjMyNxEmIyJC48WeZwEi/vsObKq/5wEhamWGNzaF0QIl/QEsdgIo+gBzhwEt95iicQGrcQACAEj/7AQeBE4AFQAdAHayFh4fERI5sBYQsAjQALAARViwCC8bsQgUPlmwAEVYsAAvG7EADD5ZshoIABESObAaL7QfGi8aAnGyjxoBXbJfGgFxsQwIsAorWCHYG/RZsAAQsRABsAorWCHYG/RZshIADBESObAIELEWAbAKK1gh2Bv0WTAxBSIANTU0EjYzMhIRFSEWFjMyNxcGBgMiBgchNSYmAmHu/tV+55Te//1PDo1sp16OQd6oVmsPAZICZBQBJPMcowEBi/7o/v92aoB5n1xnA3h0bBdgaQAAAQAdAAAC3gYVABQAZbIHFRYREjkAsABFWLAILxuxCBo+WbAARViwAy8bsQMUPlmwAEVYsBAvG7EQFD5ZsABFWLAALxuxAAw+WbADELEBCbAKK1gh2Bv0WbAIELENAbAKK1gh2Bv0WbABELAS0LAT0DAxMxEjNTM1NDYzMhcHJiMiFRUzFSMRvqGh0bw8VwMkNKPX1wNm1Fy2yRTgCZlX1PyaAAACAEX+VgQiBE4AGwAmAIOyJCcoERI5sCQQsAzQALAARViwAy8bsQMUPlmwAEVYsAYvG7EGFD5ZsABFWLAYLxuxGAw+WbAARViwDC8bsQwOPlmyBQYYERI5shAMGBESObESAbAKK1gh2Bv0WbIWBhgREjmwGBCxHwGwCitYIdgb9FmwAxCxJAGwCitYIdgb9FkwMRM0EjMyFzchERQGBiMiJic3FjMyNjU1BiMiAjUFFBYzMjcRJiMiBkXtybJjDAEGgeqdd+I6gGyac4Bko8PxASF2Z4Q5OoFodwIl+QEwemb76o7Sbl9LsHl7cTpxATH8CZOnYwHHY6oAAQBoAAAEDwYAABAASrIKERIREjkAsBAvsABFWLACLxuxAhQ+WbAARViwBS8bsQUMPlmwAEVYsA0vG7ENDD5ZsgACBRESObACELEKAbAKK1gh2Bv0WTAxATYzIBMRIRE0JiMiBxEhESEBiXOuAWAF/t9QXX85/t8BIQPEiv5n/UsCrV1ZYvz/BgAAAgBtAAABsQXnAAMADgA/sgcPEBESObAHELAA0ACwAEVYsAIvG7ECFD5ZsABFWLAALxuxAAw+WbACELAN0LANL7EGBrAKK1gh2Bv0WTAxISERIQE0NjMyFhUUBiImAaD+3gEi/s1XS0pYWZJZBDoBGEFUVEFCVFQAAv+h/ksBrAXnAAwAFgBLsgMXGBESObADELAU0ACwAEVYsAAvG7EAFD5ZsABFWLAELxuxBA4+WbEJAbAKK1gh2Bv0WbAAELAU0LAUL7EPBrAKK1gh2Bv0WTAxAREUBiMiJzUWMzI1EQM0NjIWFRQGIiYBob6zS0Q0J4MXV5ZXWZJZBDr7i7PHEeUJiwR3ARhBVFRBQlRUAAABAG8AAARaBgAADABFALAARViwBC8bsQQaPlmwAEVYsAgvG7EIFD5ZsABFWLACLxuxAgw+WbAARViwCy8bsQsMPlmyAAgCERI5sgYIAhESOTAxAQcRIREhETcBIQEBIQH4aP7fASE4ARUBW/55Aan+tAGyaP62BgD8rUgBRf49/YkAAQB+AAABoAYAAAMAHQCwAEVYsAIvG7ECGj5ZsABFWLAALxuxAAw+WTAxISERIQGg/t4BIgYAAAABAG8AAAZ+BE4AHQB4sgQeHxESOQCwAEVYsAMvG7EDFD5ZsABFWLAHLxuxBxQ+WbAARViwAC8bsQAUPlmwAEVYsAsvG7ELDD5ZsABFWLATLxuxEww+WbAARViwGy8bsRsMPlmyAQcLERI5sgUHCxESObAHELEQAbAKK1gh2Bv0WbAY0DAxARc2MzIXNjMyFhURIRE0JiMiBxMhETQmIyIHESERAX4Jc8TRTnLTsKz+3khbgjIB/t9KWXs3/t8EOnmNpaXNzv1NArJcVXz9GQKxXlRm/QMEOgABAGkAAAQPBE4AEQBUsgwSExESOQCwAEVYsAMvG7EDFD5ZsABFWLAALxuxABQ+WbAARViwBy8bsQcMPlmwAEVYsA8vG7EPDD5ZsgEABxESObADELEMAbAKK1gh2Bv0WTAxARc2MzIWFxEhETQmIyIHESERAXkJdMOsqAL+31Bdej3+3wQ6fZHKyf1FArRcU2j9BQQ6AAACAEL/7ARDBE4ADQAZAEWyERobERI5sBEQsATQALAARViwBC8bsQQUPlmwAEVYsAsvG7ELDD5ZsREBsAorWCHYG/RZsAQQsRcBsAorWCHYG/RZMDETNDY2MzIAFxcUACAAEQUUFjMyNjU0JiMiBkJ86ZrbARUQAv7q/iz+6QEhdGxpdnZranQCJ6H8iv705kr5/tMBLAECCJqjobGXpqUAAgBv/mAEPQROAA8AGQBwshMaGxESObATELAE0ACwAEVYsAwvG7EMFD5ZsABFWLAILxuxCBQ+WbAARViwBi8bsQYOPlmwAEVYsAMvG7EDDD5ZsgUIAxESObIKCAMREjmwDBCxEwGwCitYIdgb9FmwAxCxGAGwCitYIdgb9FkwMQEUAiMiJxEhESEXNjMyEhElNCYjIgcRFjMyBD3jwaRl/t8BDAppqcje/t9rZogzNYjPAhP6/tNy/gIF2mp+/tj+/AaXpGj+RWsAAAIAQv5gBBEETgAOABkAbbIXGhsREjmwFxCwC9AAsABFWLADLxuxAxQ+WbAARViwBi8bsQYUPlmwAEVYsAgvG7EIDj5ZsABFWLAMLxuxDAw+WbIFBgwREjmyCgYMERI5sRIBsAorWCHYG/RZsAMQsRcBsAorWCHYG/RZMDETNBIzMhc3MxEhEQYjIgIlFBYzMjcRJiMiBkLjxq5nE/7+3mSiweYBIW1jhTc2hGRuAif/ASiFcfomAf1xASz6m6JqAb9mogABAG8AAALTBE4ADQBHsgQODxESOQCwAEVYsAsvG7ELFD5ZsABFWLAILxuxCBQ+WbAARViwBS8bsQUMPlmwCxCxAgGwCitYIdgb9FmyCQsFERI5MDEBJiMiBxEhESEXNjMyFwLPOy2kM/7fAREIV5owKgMrCG/9PAQ6gZUNAAABADj/7APSBE4AJQBdshsmJxESOQCwAEVYsAgvG7EIFD5ZsABFWLAbLxuxGww+WbICGwgREjmyCwgbERI5sAgQsQ8JsAorWCHYG/RZsAIQsBXQsh8IGxESObAbELEjCbAKK1gh2Bv0WTAxATQmJyQ1NDYzMhYVITQmIyIGFRQWFhcWFRQGIyImJjUhFhYzMjYCuWl0/n7vwc73/t9QVUlQW9hK5f7JiNN4ARIEallTVQErNT0YUfeQwcKbPlFCMzA7KxtUz5S3YaliTVI/AAEACv/sAo0FRAAUAFSyABUWERI5ALAARViwEy8bsRMUPlmwAEVYsA0vG7ENDD5ZsBMQsAHQsADQsAAvsAEQsQQJsAorWCHYG/RZsA0QsQgBsAorWCHYG/RZsAQQsBDQMDEBETMVIxEUFjMyNxUGIyADESM1MxEBybm5LkEwJVVa/tAGnp4FRP721P3kPDQH2xoBMwJH1AEKAAABAGj/7AQPBDoAEABUsgoREhESOQCwAEVYsAYvG7EGFD5ZsABFWLANLxuxDRQ+WbAARViwAi8bsQIMPlmwAEVYsBAvG7EQDD5ZsgANAhESObACELEKAbAKK1gh2Bv0WTAxJQYjIiYnESERFDMyNxEhESEC92u9rrcCASGakzcBIv7wboLIwQLF/UWpZgL++8YAAAEADQAAA/sEOgAGADiyAAcIERI5ALAARViwAS8bsQEUPlmwAEVYsAUvG7EFFD5ZsABFWLADLxuxAww+WbIABQMREjkwMQETIQEhASECBMkBLv6T/uz+kwEuAWEC2fvGBDoAAQAcAAAFwQQ6AAwAYLIFDQ4REjkAsABFWLABLxuxARQ+WbAARViwCC8bsQgUPlmwAEVYsAsvG7ELFD5ZsABFWLADLxuxAww+WbAARViwBi8bsQYMPlmyAAsDERI5sgULAxESObIKCwMREjkwMQETIQEjAwMjASETEzMEHI4BF/7s8s3N8f7sAReNxtEBiQKx+8YCqf1XBDr9UAKwAAABABUAAAQDBDoACwBTALAARViwAS8bsQEUPlmwAEVYsAovG7EKFD5ZsABFWLAELxuxBAw+WbAARViwBy8bsQcMPlmyAAoEERI5sgYKBBESObIDAAYREjmyCQYAERI5MDEBEyEBASEDAyEBASECC7YBNf7MAUH+ysHA/skBQf7NATYC9wFD/e792AFU/qwCKAISAAEAA/5LBAEEOgAQAESyABESERI5ALAARViwAS8bsQEUPlmwAEVYsA8vG7EPFD5ZsABFWLAGLxuxBg4+WbIADwYREjmxCgGwCitYIdgb9FkwMQETIQEHBiMiJzUXMjY3NwEhAgPIATb+TRhh3z9BLFJRFyL+hQE3AZkCofseOdQT2wEyOlkEPQABAEoAAAPMBDoACQBGALAARViwBy8bsQcUPlmwAEVYsAIvG7ECDD5ZsQABsAorWCHYG/RZsgQAAhESObAHELEFAbAKK1gh2Bv0WbIJBQcREjkwMSUhFSE1ASE1IRUBuwIR/H4B/f4SA2Pp6bACoOqrAAABADD+mAKCBj0AGAAtshMZGhESOQCwDC+wAC+yBgwAERI5sAYvsQUJsAorWCHYG/RZshMFBhESOTAxASQRNTQjNTI3NTQ2NxcGBgcVFAcWFRUWFwJK/piyrgS0tDhMTgKzswWX/phlAWzH08/H1LnkM6Eci3vS4ltc49TqNAABAK3+8gFcBbAAAwATALAAL7AARViwAi8bsQIYPlkwMQEjETMBXK+v/vIGvgAAAQAi/pgCdAY9ABcALbIFGBkREjkAsAsvsBcvshELFxESObARL7ESCbAKK1gh2Bv0WbIFEhEREjkwMRc2NzU0NyY1NSYnNxYWFxUWMxUiFRUCBSKYBLe3BJg4s7QBBK6yCP6gxjbs1OJYWOfR6TmhMuO418fP0dn+omMAAAEAagF3BMUDOwAVADMAsA4vsBLQsBIvsQMBsAorWCHYG/RZsA4QsQcBsAorWCHYG/RZsAMQsArQsA4QsBXQMDEBFAYjIiYmIyIGFSc0NjMyFhYzMjY1BMW6k0p/pkY6SNe1lk6Ao0M7SwMZuug5n2ROArriPJtqTAAAAgCA/o8BxARNAAMADAAysgYNDhESObAGELAA3ACwAi+wAEVYsAsvG7ELFD5ZsQYGsAorWCHYG/RZsAHQsAEvMDETMxMhARQGIiY0NjIWqvEh/s0BO1yMXFmSWQJ//BAFJUNWVoZWVgABAGP/CwQYBSYAIQBUsgAiIxESOQCwAEVYsBQvG7EUFD5ZsABFWLAKLxuxCgw+WbAH0LEAAbAKK1gh2Bv0WbAKELAD0LAUELAR0LAUELAY0LAUELEbAbAKK1gh2Bv0WTAxJTI2NyEGBgcVIzUmAjU1NBI3NTMVFhYXISYmIyIGBxUUFgJSUGQCARACwZvIu9TSvcijuQL+8AJkUWZmAWfVWEmR0x3q6R4BIOIW2gEiIODhHd6jVmeVoCGokQAAAQBjAAAEiQXDAB8AdLIaICEREjkAsABFWLASLxuxEhg+WbAARViwBS8bsQUMPlmyHRIFERI5sB0vsQABsAorWCHYG/RZsAUQsQMBsAorWCHYG/RZsAfQsAjQsAAQsAvQsAzQsB0QsA7QshYSHRESObASELEZAbAKK1gh2Bv0WTAxARcUByEVITUzNjUnIzUzJzQ2MzIWFSE0JiMiBhUXIRUCNAY+Ao373VxIBaKaB/fP1PL+4VdRQlcJATUCQIt7SfHxEqGc7OPK6uHAVVpiYOPsAAACAFH/5QVDBPEAGwArADuyAiwtERI5sAIQsCDQALAQL7AARViwAi8bsQIMPlmxIAiwCitYIdgb9FmwEBCxKAiwCitYIdgb9FkwMSUGIyInByc3JjU0Nyc3FzYzMhc3FwcWFRQHFwcBFBYWMzI2NjU0JiYjIgYGBDGfysuegY2HZG2QjY6bwcKbkI6Ua2KLjvx5bL9vbr9sbL5vcL5sa39+hJCJnMXMoZOQkXN1lJGXn8rBnI2RAnt2y3V1y3Z3yXR0yQAAAQAKAAAEPwWwABYAcbIAFxgREjkAsABFWLABLxuxARg+WbAARViwCy8bsQsMPlmyAAsBERI5sgcBCxESObAHL7AD0LADL7EFB7AKK1gh2Bv0WbAHELEJB7AKK1gh2Bv0WbAN0LAHELAP0LAFELAR0LADELAT0LABELAV0DAxARMhATMVIRUhFSERIREhNSE1ITUzASECJuABOf6+2v7gASD+4P7U/s4BMv7O9P69ATsDfAI0/Tavc67+6gEWrnOvAsoAAAIAgP7yAYQFsAADAAcAGACwAC+wAEVYsAYvG7EGGD5ZsgUBAyswMRMRIRERIREhgAEE/vwBBP7yAxv85QPIAvYAAAIAXP48BJwFxAAtADkAhrIeOjsREjmwHhCwOdAAsAcvsABFWLAeLxuxHhg+WbI0Bx4REjmwNBCxEwGwCitYIdgb9FmyAhM0ERI5sAcQsQ4BsAorWCHYG/RZsgsTDhESObIuHgcREjmwLhCxKgGwCitYIdgb9FmyGS4qERI5sB4QsSUBsAorWCHYG/RZsiIqJRESOTAxARQHFhUUBCMgJDUlFBYzMjY1NCYkJiY1NDcmNTQkMzIEFSE0JiMiBhUUFgQWFiUGFRQWFxc2NTQmJwScoof+7fL+//7hASGAf3B0gf6TuVuiiAEZ7/cBEP7fe2tueG8BcsNe/S5LU3zeUlt2AeG2WWa6r8fWywFZX0s/QVJlbpZqtF1nuavS4slXa05ESUpibplzKmNFSyhDL10+TygAAgBeBNYDWgXUAAkAFAAeALADL7EHA7AKK1gh2Bv0WbAN0LADELAT0LATLzAxARQGIyImNDYyFhc0NjMyFhUUBiImAXNOPT5MTHxN0lE6O09MfE0FVTVJSmhLSzQ2SUo1NEtLAAMAVv/sBeIFxAAaACgANwCVsh84ORESObAfELAJ0LAfELA00ACwAEVYsCwvG7EsGD5ZsABFWLA0LxuxNAw+WbICNCwREjmwAi+0DwIfAgJdsgosNBESObAKL7QAChAKAl2yDQoCERI5sBCwCitY2BvcWbACELAXsAorWNgb3FmyGgIKERI5sCwQsR8KsAorWCHYG/RZsDQQsSYKsAorWCHYG/RZMDEBFAYgJjU1NDYzMhYVIzQmIyIGBxUUFjMyNjUlNAIkIyIEAhASBCAkEiU0EiQgBBIVFAIEIyIkAgRdr/7Avb+eo62cXFhcZQFmXFlaAaaW/u6jn/7vnJsBEQFAAROY+u+7AUsBgAFLu77+t7/B/re8AlSYotW0ca7VpZVgU4dxe3WHUWKFpgEdq6T+4P6s/uCnqgEgp8oBWsfH/qbKzP6lxsgBWgAAAgCJArMDDQXEABsAJQBwsg4mJxESObAOELAd0ACwAEVYsBUvG7EVGD5ZsgQmFRESObAEL7IABBUREjmxHAKwCitYIdgb9FmyAgQcERI5sgoEFRESObAKL7AVELEOArAKK1gh2Bv0WbIRChUREjmwChCxIAqwCitYIdgb9FkwMQEmJwYjIiY1NDYzMzU0IyIGFSc0NjMyFhURFBclMjY3NSMGBhUUAlwKB018doOorWZ0QUmtr4iHnBr+oChUG2pMVgLBGylSe2lueTN/MzAOaIGQhf7EYVGCJRmIATwxWP//AE0AfQOgA5wAJgGS4QAABwGSAWIAAAABAH4BdgPBAyUABQAbALAEL7AB0LABL7AEELECAbAKK1gh2Bv0WTAxASMRITUhA8HI/YUDQwF2AQSrAAAEAFb/7AXiBcQADgAcADIAOwCSALAARViwAy8bsQMYPlmwAEVYsAsvG7ELDD5ZsAMQsRMKsAorWCHYG/RZsAsQsRoKsAorWCHYG/RZsh4LAxESObAeL7IgAwsREjmwIC+0ACAQIAJdsjMeIBESObAzL7EdCrAKK1gh2Bv0WbImHTMREjmwHhCwLdCwK7AKK1jYG9xZsCAQsTsKsAorWCHYG/RZMDETNBIkIAQSFRQCBCMiJAIlNAIkIyIEAhASBCAkEiURIxEhMhYVFAcWFhQWFxUjJjU0JiMnMzI2NTQmJyNWuwFLAYABS7u+/re/wf63vAURlv7uo5/+75ybAREBQAETmP0llwEZl65xPTEHCpsNQk2eiEpfR12NAtnKAVrHx/6mysz+pcbIAVrLpgEdq6T+4P6s/uCnqgEgW/6vA1KJfnA+H2+kRBcQIqBMQ4ZANEY7AQABAKgFBwNaBa4AAwAZsgAEBRESOQCwAi+xAAKwCitYIdgb9FkwMQEhNSEDWv1OArIFB6cAAgB+A6ACmgXEAAoAFAAxALAARViwAy8bsQMYPlmwC9CwCy+xCAKwCitYIdgb9FmwAxCxEQKwCitYIdgb9FkwMRM0NjMyFhQGIyImBTI2NTQmIgYUFn6ibm2fn21spAEQNUVFakhJBLByoqHmnZ0JRzU0TExoSAAAAgBZAAED7QUFAAsADwBBALAJL7AARViwDS8bsQ0MPlmwCRCwANCwCRCxBgGwCitYIdgb9FmwA9CwDRCxDgGwCitYIdgb9FmyBQ4GERI5MDEBIRUhESMRITUhETMBITUhAqUBSP64/f6xAU/9ASz8oANgA67x/pQBbPEBV/r86wABADcCmwK1BbsAFwBbsggYGRESOQCwAEVYsA8vG7EPGD5ZsABFWLAALxuxABA+WbEWArAKK1gh2Bv0WbICFgAREjmyAw8AERI5sA8QsQgCsAorWCHYG/RZsgsADxESObIUDwAREjkwMQEhNQE2NjU0IyIGFSM0NjMyFhUUBgcHIQK1/ZQBHzgxXzI7zquHlKFIbJQBXwKbigEBMVQXVD4vdJ6Bd0Z0V3MAAAEAMAKQArUFuwAkAJOyHiUmERI5ALAARViwDS8bsQ0YPlmwAEVYsBcvG7EXED5ZsgEXDRESOXywAS8YstABAV22oAGwAcABA3G2QAFQAWABA3GykAEBXbQwAUABAnKwDRCxBgKwCitYIdgb9FmyCQ0BERI5sAEQsCOwCitY2BvcWbISIwEREjmyGyMXERI5sBcQsR4CsAorWCHYG/RZMDEBMzI1NCYjIgYVIzQ2MzIWFRQHFhUUBiMiJjUzFBYzMjY1NCcjARFSdzkxKjvNqYORq4eWt5SOrM5ENDw1elwEcVgjKh8dZnt3a3cyKY9pf4VyIjE1I1wBAAABAGUEygJlBgAAAwCJALACL7IPAgFdsADQsAAvsg8AAV2yAwIAERI5QCELAxsDKwM7A0sDWwNrA3sDiwObA6sDuwPLA9sD6wP7AxBdQCELAxsDKwM7A0sDWwNrA3sDiwObA6sDuwPLA9sD6wP7AxBxQCELAxsDKwM7A0sDWwNrA3sDiwObA6sDuwPLA9sD6wP7AxByMDEBIQEjASoBO/7r6wYA/soAAQCL/mAETgQ6ABIAUbINExQREjkAsABFWLAALxuxABQ+WbAARViwBy8bsQcUPlmwAEVYsBAvG7EQDj5ZsABFWLANLxuxDQw+WbEEAbAKK1gh2Bv0WbILBw0REjkwMQERFBYzMjcRIREhJwYjIicRIREBrFFjlTgBIf7zBlmIZkj+3wQ6/ZF+d2kC+/vGRFkt/kgF2gAAAQBLAAADZQWwAAoAK7ICCwwREjkAsABFWLAILxuxCBg+WbAARViwAC8bsQAMPlmyAQAIERI5MDEhESMiJDU0JDMhEQKKUOb+9wEK5gEqAgj+1tX/+lAAAAEAjAIfAdMDVAAJABmyBwoLERI5ALACL7EHBrAKK1gh2Bv0WTAxEzQ2MhYUBiMiJoxcjl1eRkhbArlFVlaKVVcAAAEAYv4yAeQABwANADCyBQ4PERI5ALAGL7AAL7IgBgFdsAYQsAewCitY2BvcWbIMBwAREjmyAQAMERI5MDElBxYVFAYjJzI1NCYnNwFZC5a3pgdwQ0sfBzobkm6Ap1EqHwWPAAABAIcCmwIQBa0ABgBBsgEHCBESOQCwAEVYsAUvG7EFGD5ZsABFWLAALxuxABA+WbIEAAUREjmwBC+xAwKwCitYIdgb9FmyAgMFERI5MDEBIxEHNSUzAhDMvQF2EwKbAiQpnnkAAgB2ArIDKwXEAAwAGgA1ALAARViwAi8bsQIYPlmyCRsCERI5sAkvsRACsAorWCHYG/RZsAIQsRcCsAorWCHYG/RZMDETNDYgFhUVFAYjIiY1FxQWMzI2NzU0JiMiBhV2vwE2wLydnr6vXVBOWwFdT05dBGGgw8KmSJ/DxKMFYm5sYVBhbm1m//8AVQB8A7EDmwAmAZMFAAAHAZMBjgAA//8AZQAABW4FqgAnAcb/3gKYACcBlAEfAAgBBwIgAq4AAAAQALAARViwBS8bsQUYPlkwMf//AFQAAAXFBbAAJwGUAPUACAAnAcb/zQKeAAcBxQMQAAD//wBeAAAGDAW7ACcBlAHAAAgAJwIgA0wAAAAHAh8ALgKbAAIARf5/A8wETgAYACEAVrIIIiMREjmwCBCwHNAAsA8vsABFWLAfLxuxHxQ+WbEcBrAKK1gh2Bv0WbAY0LAYL7IDDxgREjmwDxCxCAGwCitYIdgb9FmyCw8YERI5shQYDxESOTAxARQOAxUUMzI2NyEGBiMiJjU0Nzc2NjcBFAYiJjQ2MhYCmj6fOR2aTVsCASEC8tLV7JlhMicCASRcjFxZklkCg4WklEhKLJ1aUcDXy7yfmV0tYlkBMkNWVoZWVgAAAgACAAAHSQWwAA8AEgB7ALAARViwBi8bsQYYPlmwAEVYsAAvG7EADD5ZsABFWLAELxuxBAw+WbIRBgAREjmwES+xAgGwCitYIdgb9FmwBhCxCAGwCitYIdgb9FmyCwAGERI5sAsvsQwBsAorWCHYG/RZsAAQsQ4BsAorWCHYG/RZshIGABESOTAxISEDIQMhASEVIRMhFSETIQEhAwdJ/H8O/kKn/q0DEgP4/aoPAfb+FBACavswATcYAU3+swWw7P6d7P52AVkCOgAAAQBBAM0D9gSPAAsAOACwAy+yCQwDERI5sAkvsgoJAxESObIEAwkREjmyAQoEERI5sAMQsAXQsgcEChESObAJELAL0DAxEwEBNwEBFwEBBwEBQQEz/s2qATABMar+zQEzqv7P/tABdQE5ATmo/skBN6j+x/7HqAE2/soAAAMAXf+hBTUF7gAXACAAKQBVALAARViwEC8bsRAYPlmwAEVYsAQvG7EEDD5ZshoQBBESObIjEAQREjmwIxCwG9CwEBCxHQGwCitYIdgb9FmwGhCwJNCwBBCxJgGwCitYIdgb9FkwMQEUAgQjIicHIzcmETU0EiQzMhc3MwcWEQUUFwEmIyIGBwU0JwEWMzI2NwU1mP7lt6SDVbyPxZsBG7avi0q7hrP8WDEBv0lrl6QBAnkm/khGXZejAQK31/68sEaR8sMBaDnXAUevUnzjxv6tO6xxAvU96+MFl2n9GC/t4wACAIUAAASdBbAADQAVAFmyEBYXERI5sBAQsALQALAARViwAC8bsQAYPlmwAEVYsAsvG7ELDD5ZsgEACxESObABL7IQAAsREjmwEC+xCQGwCitYIdgb9FmwARCxDgGwCitYIdgb9FkwMQERMx4CFRQEByMRIREBETMyNjQmJwGm5qLvgP7r8PL+3wEh33WCf3AFsP71AW/Nhsr0Bf7hBbD+DP5MdsR4AgABAIf/7ATIBhcAKQBashgqKxESOQCwAEVYsAUvG7EFGj5ZsABFWLAALxuxAAw+WbAARViwEy8bsRMMPlmyCwUTERI5sRkBsAorWCHYG/RZsh8TBRESObAFELEnAbAKK1gh2Bv0WTAxISERNDYzMhYVFAYVFBYXFhUUBiMiJic3FjMyNjU0JicmNTQ2NTQmIyIHAaj+3/jiv+drPViX5tdRnig2YnlPVEVSlm5ZRJ8FBE3c7serbK5NJU9OhpSxxSAY5TRJPy5XQniWYLVPRlPVAAADAEL/7AaNBFAAKQA0ADwA3rICPT4REjmwAhCwLdCwAhCwONAAsABFWLAXLxuxFxQ+WbAARViwGy8bsRsUPlmwAEVYsAAvG7EADD5ZsABFWLAFLxuxBQw+WbICGwAREjmyDBsAERI5sAwvso8MAV2wFxCxEAGwCitYIdgb9FmyEwwXERI5shkbABESObI5GwAREjmwOS+yjzkBXbQfOS85AnGyXzkBcbEfCLAKK1gh2Bv0WbAAELEjAbAKK1gh2Bv0WbImAB8REjmwBRCxKgGwCitYIdgb9FmwDBCxLgiwCitYIdgb9FmwEBCwNdAwMQUiJwYGIyImNTQ2NzM1NCYjIgYVJTQkMzIXNhcyEhUVIRYWMzI2NxcGBiUyNjc1IwYGFRQWASIGByE1NCYE3veLQM19utb486hRTVJf/t8BBdDTdH7I1PL9ZAuLdU2DV01J1/y5MXQnpF9vUQMTWm0NAX5XFJNFTrKhnawBOUxWRzQTlb1ucAL++eiddHogLb04QNQtI70BVD04QwKkc20cXmYAAAIAVP/sBFEGKwAcACgAWrIHKSoREjmwBxCwJdAAsA4vsABFWLAYLxuxGBo+WbAARViwBy8bsQcMPlmwGBCxFwGwCitYIdgb9FmwDhCxHwGwCitYIdgb9FmwBxCxJQGwCitYIdgb9FkwMQESExUUAgYjIiYmNTQSMzIXJicHJzcmJzcWFzcXAyYjIgYVFBYzMjY1A1H/AYXuk5DmgfbOiGwxdb9OmHSUW+6yq02sRJNxc3hiZ3oFGf76/nhKrP7ul3/hiOcBC0yYcXpyYUgn4DCEbXL9JVOVgXCPtZ4AAAMAPwB/BEME2QADAA8AGwBdsgccHRESObAHELAA0LAHELAT0ACwAEVYsAIvG7ECEj5ZsQABsAorWCHYG/RZsAIQsA2wCitY2BvcWbAHsAorWNgb3FmwABCwE7AKK1jYG9xZsBmwCitY2BvcWTAxASE1IQE0NjMyFhUUBiMiJhE0NjMyFhUUBiMiJgRD+/wEBP1cW0hHXVpKS1hbSEddWkpLWAI75gEgRFRTRUNTVP0WRFRTRUNTVAADAEL/cgRDBMAAFAAcACQAaLIEJSYREjmwBBCwGtCwBBCwItAAsABFWLAELxuxBBQ+WbAARViwDi8bsQ4MPlmyFwQOERI5sh8EDhESObAfELAY0LAEELEaAbAKK1gh2Bv0WbAXELAg0LAOELEiAbAKK1gh2Bv0WTAxEzQ2NjMyFzczBxYRFAAjIicHIzcmARQXASYjIgYFNCcBFjMyNkJ86ZplVUahZ8j+6upfUUihZ88BISkBBCQranQBvyX/AB4oaXYCJ6H8ih2P05X+uvn+0xqU1JIBOoJOAhQOpZhyUv30CqEAAAIAcf5gBD8GAAAPABkAZrITGhsREjmwExCwBNAAsAgvsABFWLAMLxuxDBQ+WbAARViwBi8bsQYOPlmwAEVYsAMvG7EDDD5ZsgUMAxESObIKDAMREjmwDBCxEwGwCitYIdgb9FmwAxCxGAGwCitYIdgb9FkwMQEUAiMiJxEhESERNjMyEhElNCYjIgcRFjMyBD/jwaRk/t4BImSixuD+32tmhDY2hs8CE/r+03H+Aweg/d1x/tr++QeXpGb+QWkAAAIAQv/sBK8GAAAWACAAj7IfISIREjmwHxCwDdAAsBMvsABFWLAMLxuxDBQ+WbAARViwAi8bsQIMPlmwAEVYsAYvG7EGDD5Zsi8TAV2yDxMBXbIWAhMREjmwFi+xAAewCitYIdgb9FmyBAwCERI5sg4MAhESObAP0LAWELAR0LAGELEaAbAKK1gh2Bv0WbAMELEfAbAKK1gh2Bv0WTAxASMRIScGIyICETQSMzIXNSM1MzUhFTMBFBYzMjcRJiMiBK+e/vsObKq/5+PFnmf8/AEinvy0amWGNzaF0QTC+z5zhwEtAQz9ASx26reHh/yXmKJxAatxAAIAIAAABa0FsAATABcAbQCwAEVYsA8vG7EPGD5ZsABFWLAILxuxCAw+WbIUCA8REjmwFC+yEBQPERI5sBAvsADQsBAQsRcHsAorWCHYG/RZsAPQsAgQsAXQsBQQsQcBsAorWCHYG/RZsBcQsArQsBAQsA3QsA8QsBLQMDEBMxUjESERIREhESM1MzUhFSE1IQEhNSEFM3p6/tT9t/7TcXEBLQJJASz8iwJJ/bcEyK775gJw/ZAEGq7o6Oj9srgAAAEAhgAAAacEOgADAB0AsABFWLACLxuxAhQ+WbAARViwAC8bsQAMPlkwMSEhESEBp/7fASEEOgAAAQCCAAAEkgQ6AAwAYACwAEVYsAQvG7EEFD5ZsABFWLAILxuxCBQ+WbAARViwAi8bsQIMPlmwAEVYsAsvG7ELDD5ZsgYCCBESObAGL7TfBu8GAl2yXwYBXbEBAbAKK1gh2Bv0WbIKAQYREjkwMQEjESERIREzASEBASECGXb+3wEhVwEaAW3+hAGN/o0Bj/5xBDr+aQGX/ff9zwAAAQAdAAAETAWwAA0AXQCwAEVYsAwvG7EMGD5ZsABFWLAGLxuxBgw+WbIBDAYREjmwAS+wANCwARCxAgKwCitYIdgb9FmwA9CwBhCxBAGwCitYIdgb9FmwAxCwCNCwCdCwABCwC9CwCtAwMQE3FQcRIRUhEQc1NxEhAc/X1wJ9/FeGhgEsA38+pj7+GPECgiamJgKIAAEAHgAAAlEGAAALAEsAsABFWLAKLxuxCho+WbAARViwBC8bsQQMPlmyAQQKERI5sAEvsADQsAEQsQICsAorWCHYG/RZsAPQsAbQsAfQsAAQsAnQsAjQMDEBNxUHESERBzU3ESEBw46O/t+EhAEhA44vpi/9GAKILKYsAtIAAAEAgP5LBSAFsAATAFuyBhQVERI5ALAARViwAC8bsQAYPlmwAEVYsBAvG7EQGD5ZsABFWLAELxuxBA4+WbAARViwDi8bsQ4MPlmwBBCxCQGwCitYIdgb9FmyDQ4QERI5shIOABESOTAxAREUBiMiJzcWMzI1NQERIREhAREFIMy3UUIOLjV5/bn+0wEtAkcFsPo2xNcR7gyuFAPU/CwFsPwtA9MAAQBs/ksEFwROABoAY7INGxwREjkAsABFWLADLxuxAxQ+WbAARViwAC8bsQAUPlmwAEVYsAovG7EKDj5ZsABFWLAYLxuxGAw+WbIBGAMREjmwChCxDwGwCitYIdgb9FmwAxCxFQGwCitYIdgb9FkwMQEXNjMyFhcRFAYjIic3FjMyNRE0JiMiBxEhEQF5DXHErK8ByrNOQQ4tNnlOVoBE/t8EOpis3Nj9RMLREecMrQKwbGNX/PQEOgAAAgBg/+wHVAXEABcAIwCWsgEkJRESObABELAa0ACwAEVYsAwvG7EMGD5ZsABFWLAOLxuxDhg+WbAARViwAC8bsQAMPlmwAEVYsAMvG7EDDD5ZsA4QsRABsAorWCHYG/RZshMADhESObATL7EUAbAKK1gh2Bv0WbAAELEWAbAKK1gh2Bv0WbADELEYAbAKK1gh2Bv0WbAMELEdAbAKK1gh2Bv0WTAxISEGIyIkAicRNBIkMzIXIRUhESEVIREhBTI3ESYjIgYHERQWB1T8iqd5rv7smQOXARWwe6cDdP1fAj/9wQKj+2peaHBYlqQBpxSTAQupAT2tARGWFPP+pev+eh0NA+wOua3+y7C8AAMAU//sBusEUAAdACkAMQCRsgYyMxESObAGELAj0LAGELAt0ACwAEVYsAQvG7EEFD5ZsABFWLAILxuxCBQ+WbAARViwFy8bsRcMPlmyBggXERI5si4IFxESObAuL7KPLgFdtB8uLy4CcbEMCLAKK1gh2Bv0WbAXELEQAbAKK1gh2Bv0WbIZCBcREjmwIdCwBBCxJwGwCitYIdgb9FmwKtAwMRM0NjYzMhc2FzISFRUhFhYzMjY3FwYGIyInBiAAEQUUFjMyNjU0JiMiBiUiBgchNTQmU3romueMhtfW9v1yEINnVYZST0nad+mMiv4u/usBIXFsanJ0amlyA6tNYhABb10CJ6H7i5WXAv7+7J5xfSEtuzpBlZUBKwEDCJujobKZpKSkcmsaYWIAAAEAdQAAAqMGFQAMADOyAw0OERI5ALAARViwBC8bsQQaPlmwAEVYsAAvG7EADD5ZsAQQsQkBsAorWCHYG/RZMDEzETQ2MzIXByYjIhURdc+/QGAYLDWUBJa3yBXfCpn7bgAAAgBL/+wFLgXEABUAHQBesgAeHxESObAW0ACwAEVYsA4vG7EOGD5ZsABFWLAALxuxAAw+WbIFDgAREjmwBS+wDhCxCAGwCitYIdgb9FmwABCxFgGwCitYIdgb9FmwBRCxGQGwCitYIdgb9FkwMQUgABE1ISYmIyIHJzYkMyAAERUUAgQDMjY3IRUUFgK9/tf+twO2B87AzLcxQAEOdQFCAXGi/uCvhaoS/XmoFAFmAU2bvMc/9x4x/pT+vYq//s2tAQW0oR+YngAB/93+SwLmBhUAHQB0shMeHxESOQCwAEVYsBQvG7EUGj5ZsABFWLAPLxuxDxQ+WbAARViwHC8bsRwUPlmwAEVYsAUvG7EFDj5ZsBwQsQAJsAorWCHYG/RZsAUQsQkBsAorWCHYG/RZsAAQsA3QsA7QsBQQsRkBsAorWCHYG/RZMDEBIwMUBiMiJzcWMjY1ESM1MzU2NjMyFwcmIyIVFTMCqc8BwaxOQQ8cfjKhoQLRvD9gGCo5kc8DZvxrvMoR5QxPSwOX1GSzxBXgCpZaAAIAUP/sBbsGHgAYACYAXrIEJygREjmwBBCwI9AAsABFWLANLxuxDRg+WbAARViwBC8bsQQMPlmyEA0EERI5sBAvsRYKsAorWCHYG/RZsA0QsRwBsAorWCHYG/RZsAQQsSMBsAorWCHYG/RZMDEBFAIEIyIkAic1NBIkMzIWFzY2NTMQBxYXBTQmIyIGBxUUFjMyNjcFKJj+5be1/uScAZsBG7aJ4VJJNsTkTwL+0KSYl6QBpJqXogECt9f+vLCuAUPSSNcBR69hWxKQdP6oTaXTCOXu6+NH3/bt4wACAED/7AS3BJ8AFgAiAF6yEyMkERI5sBMQsBrQALAARViwBC8bsQQUPlmwAEVYsBMvG7ETDD5ZsgYEExESObAGL7EMCrAKK1gh2Bv0WbATELEaAbAKK1gh2Bv0WbAEELEgAbAKK1gh2Bv0WTAxEzQ2NjMyFzY2NTMQBxYVFRQGBiMiACclFBYzMjY1NCYjIgZAfeqZ7YwuILCxO33nm+D+6gsBIXRsanR0bGp0Aiei/ImbHXlW/vBQe50VovyIARbsJJqjorCWp6UAAQB0/+wGVAYBABkAVrINGhsREjkAsABFWLAALxuxABg+WbAARViwES8bsREYPlmwAEVYsA0vG7ENDD5ZsgEADRESObABL7EJCrAKK1gh2Bv0WbANELEWAbAKK1gh2Bv0WTAxARU+AjUzFAYHERQAISIAJxEhERQWMzITEQTQS1MlwbvJ/tX+/f/+1AMBLIl5/QQFsOQGPW+D8NoJ/cPv/uoBDuwDyvw/j4MBCgPJAAABAGj/7AU3BJkAGABqsgcZGhESOQCwAEVYsAwvG7EMFD5ZsABFWLATLxuxExQ+WbAARViwBC8bsQQMPlmwAEVYsAgvG7EIDD5ZshUTBBESObAVL7EDCrAKK1gh2Bv0WbIGEwQREjmwCBCxEAGwCitYIdgb9FkwMQEUBgcRIScGIyImJxEhERQzMjcRIRU2NjUFN4+Z/vAIa72utwIBIZqTNwEiRDcEmbavEPzcboLIwQLF/UWpZgL+iw9efQAAAf+t/ksBtwQ6AAwAMLIDDQ4REjkAsABFWLAALxuxABQ+WbAARViwBC8bsQQOPlmxCQGwCitYIdgb9FkwMQERBgYjIic3FjMyNREBtwHHtE1BDiw2eQQ6+6LA0RHlDLAEVQACAE7/7AQBBE8AFgAeAGiyCB8gERI5sAgQsBfQALAARViwAC8bsQAUPlmwAEVYsAgvG7EIDD5Zsg0ACBESObANL7AAELEQAbAKK1gh2Bv0WbITDQAREjmwCBCxFwGwCitYIdgb9FmwDRCxGgiwCitYIdgb9FkwMQEyABUVFAYGJyICNTUhJiYjIgcHJzY2EzI2NyEVFBYCAOMBHnnfj9j0Ao4Qg2eMZTxPSdiTTWIQ/pFcBE/+2fUdn/+MAQED6p5wfjAeuzpC/IdyaxpgYwAAAQB7BNwDdwYAAAgAOQCwBC+yDwQBXbAH0LAHL7QPBx8HAl2yBQQHERI5GbAFLxiwAdAZsAEvGLAEELAC0LIDBAcREjkwMQEVIycHIzUBMwN35pqa4gEoqAToDJGREAEUAAABAFUE3QNoBgEACAAlALAEL7IPBAFdsAHQsAEvtA8BHwECXbIABAEREjmwCNCwCC8wMQE3MxUBIwE1MwHfkvf+0rf+0vcFco8L/ucBGwkA//8AqAUHA1oFrgMGAHAAAAAKALABL7ECB/QwMQABAGoEzQMeBfYADAAnsgkNDhESOQCwAy+yDwMBXbEJArAKK1gh2Bv0WbAG0LAGL7AM0DAxARQGICY1MxQWMzI2NQMev/7Kv81LQkFKBfaFpKKHP0VFPwAAAQB2BNYBngXnAAkAFwCwBS+yDwUBXbEAA7AKK1gh2Bv0WTAxATIWFAYjIiY0NgEKRU9PRURQUQXnTXhMTHhNAAIAdwRkAjUF+gALABUAKrIDFhcREjmwAxCwFNAAsAkvsAPQsAMvsj8DAV2wCRCwD9CwAxCwFNAwMRM0NjMyFhUUBiMiJjcUFjI2NTQmIgZ3gl1cg4BfYX5zOmQ6O2I7BS1Wd3VYVXR2Uyw/PywuPz8AAAEAIf5aAakAPAAPABoAsABFWLAKLxuxCg4+WbAFsAorWNgb3FkwMSEGBhUUMzI3FwYjIiY1NDcBlEpQQiEvHUlcZH/fKlE1QRSdLG9irGUAAQB1BOADZgX/ABcAQgCwAy+wCNCwCC+2DwgfCC8IA12wAxCwC9CwCy+wCBCxDwewCitYIdgb9FmwAxCxFAewCitYIdgb9FmwDxCwF9AwMQEUBiMiLgIjIgYVJzQ2MzIeAjMyNjUDZoRfJjtoLhsjMaiDXx41eC4ZIzMF9HGZETgNMi4Kb5wPOgwxLgACADkE0gN9Bf8AAwAHAEAAsAIvsg8CAV2wANCwAC+0DwAfAAJdsAIQsAPQGbADLxiwABCwBdCwBS+wAhCwBtCwBi+wAxCwB9AZsAcvGDAxASEBIwMzAyMCegED/vbapv/l1AX//tMBLf7TAAACAI7+cQID/8cACQATACmyABQVERI5sAzQAH2wFC8YsADQfLAALxiwBdCwBS+wDNCwABCwEtAwMQUyFhQGIyImNDYXFBYyNjU0JiIGAUpRaGhRUGxsBStAKChAKzlmjmJgkmStICoqICIrKwAB/IAEyv6BBgAAAwAcALABL7AA0BmwAC8YsAEQsALQsAIvsg8CAV0wMQEjASH+ge3+7AE8BMoBNgAAAf1WBMr/VgYAAAMAHACwAi+wAdCwAS+yDwEBXbACELAD0BmwAy8YMDEBIQEj/hoBPP7q6gYA/soA///8YQTg/1IF/wAHAKX77AAAAAH9HwTz/qEGhgAOACkAsAAvsAfQsAcvQAkPBx8HLwc/BwRdsAbQsgEABhESObINAAEREjkwMQEnNjY1NCM3MhYVFAYHFf0yD0lBjge8v1JEBPOGBB0gRYdoWztLCkAAAAL78ATk/1YF7gADAAcANwCwAS+wANAZsAAvGLABELAF0LAFL7AG0LAGL7YPBh8GLwYDXbAD0LADL7AAELAE0BmwBC8YMDEBIwEhASMDIf4D7/7cAR4CSOn1ARgE5AEK/vYBCgAB/Qf+i/5K/6AACgAZALADL7QAAxADAl2xCQOwCitYIdgb9FkwMQU0NjMyFhUUBiIm/QdaR0haWZJY6jxOTjw7UFAAAAEA2gToAikGQQADABgAsAIvsADQsAAvsgMCABESORmwAy8YMDEBIQMjASMBBqOsBkH+pwADAGYE1gPkBtcAAwANABgALQCwCy+wA9CwAy+wANCwAC+wCxCxBgOwCitYIdgb9FmwEdCwCxCwF9CwFy8wMQEhAyMFNDYyFhQGIyImJTQ2MzIWFRQGIiYB+wEDmpT+lk18TEw+PU4CaU87OlFNfEwG1/60NjRLS2hKSTU1Skk2NEtLAP//AIwCHwHTA1QCBgB4AAAAAQCEAAAEPQWwAAUALACwAEVYsAQvG7EEGD5ZsABFWLACLxuxAgw+WbAEELEAAbAKK1gh2Bv0WTAxASERIREhBD39c/7UA7kEvftDBbAAAgAUAAAFzQWwAAMABgAwALAARViwAC8bsQAYPlmwAEVYsAIvG7ECDD5ZsQQBsAorWCHYG/RZsgYCABESOTAxASEBISUhAQJZATcCPfpHAZcCjf67BbD6UPEDZAADAFL/7AUqBcQAAwAUACIAbbIIIyQREjmwCBCwAdCwCBCwH9AAsABFWLAQLxuxEBg+WbAARViwCC8bsQgMPlmyAggQERI5fLACLxi0MAJAAgJdsQEBsAorWCHYG/RZsBAQsRgBsAorWCHYG/RZsAgQsR8BsAorWCHYG/RZMDEBITUhBRQCBCMiJAInNTQSJCAEEhUlNCYjIgYHFRQWMzI2NwOF/oEBfwGlmP7lt7X+5JwBmwEbAWwBG5v+0KSYl6QBpJqXogECX+iQ1/68sK4BQ9JI1wFHr6/+udYB5e7r40ff9u3jAAEAEAAABRsFsAAGADEAsABFWLADLxuxAxg+WbAARViwAS8bsQEMPlmwAEVYsAUvG7EFDD5ZsgADARESOTAxAQEhASEBIQKV/sD+uwHpATgB6v67BBP77QWw+lAAAwBfAAAEOAWwAAMABwALAG0AsABFWLAILxuxCBg+WbAARViwAi8bsQIMPlmxAAGwCitYIdgb9FmyBQIIERI5sAUvtG8FfwUCXbR/BY8FAnG03wXvBQJdsv8FAXGyjwUBcrEGAbAKK1gh2Bv0WbAIELEKAbAKK1gh2Bv0WTAxNyEVIRMhFSEDIRUhXwPZ/CdzAvP9DVsDlvxq8fEDVOkDRfMAAQCEAAAFJAWwAAcAOQCwAEVYsAYvG7EGGD5ZsABFWLAALxuxAAw+WbAARViwBC8bsQQMPlmwBhCxAgGwCitYIdgb9FkwMSEhESERIREhBST+0/25/tQEoAS9+0MFsAAAAQBIAAAEUQWwAAwAPgCwAEVYsAgvG7EIGD5ZsABFWLADLxuxAww+WbEBAbAKK1gh2Bv0WbAF0LAIELEKAbAKK1gh2Bv0WbAH0DAxAQEhFSE1AQE1IRUhAQM9/qICcvv3Abf+SQPx/asBWQLX/hrxlwJIAjqX8/4pAAADAEkAAAXqBbAAFQAcACMAd7IKJCUREjmwChCwGdCwChCwINAAsABFWLAULxuxFBg+WbAARViwCi8bsQoMPlmyExQKERI5sBMvsADQsAAvsgsKFBESObALL7AI0LAIL7ALELEZAbAKK1gh2Bv0WbATELEaAbAKK1gh2Bv0WbAg0LAZELAh0DAxARYEFhUUBgQHFSE1JiQmNTQSJDc1IQEUFhcRBgYFNCYnETY2A7GrAQKMjP77qP7Uqv76jI4BBakBLP2/lIGDkgNTj4OCkAUHB5D/op/4jQekpAWN+J+kAQCRBan9HYqTBwJZCJ6Ni6AI/agIlAABADQAAAWYBbAAGABdsgwZGhESOQCwAEVYsAQvG7EEGD5ZsABFWLARLxuxERg+WbAARViwFy8bsRcYPlmwAEVYsAsvG7ELDD5ZshYECxESObAWL7AA0LAWELENAbAKK1gh2Bv0WbAK0DAxATY2NREhEQIHBgcRIREmAAMRIREUFhcRIQOBdnMBLgObjO3+1Pv+2wEBLIF0ASwCehawoQHP/ij+9Z+OGv56AYUUATwBCQHS/jGdsRcDNAABAGYAAATpBcMAJABesgYlJhESOQCwAEVYsBkvG7EZGD5ZsABFWLAOLxuxDgw+WbAARViwIy8bsSMMPlmwDhCxEAGwCitYIdgb9FmwDdCwANCwGRCxBgGwCitYIdgb9FmwEBCwIdCwItAwMSU2Ezc0JiMiBhUVFBIXFSE1MyYCJzU0EiQzMgQSFxUUAgczFSEC364MAYBzcYFiYP4A2W18AZIBCKelAQeTA35s2P4I+EsBiZK3ubm3V+H+9yX49GIBF5ZZsQEanJn+7axkm/7pYfQAAAIASf/rBHwETgAWACAAf7IeISIREjmwHhCwE9AAsABFWLATLxuxExQ+WbAARViwAC8bsQAUPlmwAEVYsAgvG7EIDD5ZsABFWLAMLxuxDAw+WbAIELEDAbAKK1gh2Bv0WbIKAAwREjmyFQAMERI5sAwQsRkBsAorWCHYG/RZsBMQsR4BsAorWCHYG/RZMDEBERYzMjcXBiMiJwYjIgInJxASMzIXNwEQMzI3ESYjIgYEBwNEDggYMku1RGK1ueIKAeTEpWEV/l/Ndzc3dWNsBDr9FXYE2RmnpgEH5T0BBwEyloL9xv7UYAHHaawAAgCO/moEhgXEABQAKAB2sgApKhESObAY0ACwAEVYsAAvG7EAGD5ZsABFWLAPLxuxDw4+WbAARViwDC8bsQwMPlmyJgwAERI5sCYvtG8mfyYCXbElCbAKK1gh2Bv0WbIGJSYREjmwABCxGAGwCitYIdgb9FmwDBCxHgGwCitYIdgb9FkwMQEyFhUUBgcWFhUUBiMiJxEhETQ2NgE0JiMiBhURFjMyNjU0JiMjNTM2AnLY/WRbe4Pu0J57/t9+4AE6Y1FVblKGZnhtamFOqwXE0LpkojEquIPN5Uz+MgWgfcty/mBSZHFj/Qk6c1psedMGAAABABH+XwQGBDoACAA4sgAJChESOQCwAEVYsAEvG7EBFD5ZsABFWLAHLxuxBxQ+WbAARViwBC8bsQQOPlmyAAcEERI5MDEBEyEBESERASECD8kBLv6V/t/+lwEuAVUC5fvU/lEBuAQjAAIARP/sBEgGJAAdACkAZbIUKisREjmwFBCwIdAAsABFWLADLxuxAxo+WbAARViwFC8bsRQMPlmwAxCxCQGwCitYIdgb9FmyJwMUERI5sCcQsQ4IsAorWCHYG/RZshsnDhESObAUELEhAbAKK1gh2Bv0WTAxEzQ2MzIXFxUmIyIGFRQEFhYVFAAjIgA1NTQ2NycmExQWMzI2NTQmJyIGwN2+ZVxElVdLVgE+02T+5+fp/uWziAO8pXppZ3h+YWh7BOGZqhkU3i8zLVBwqNae8/7TASP4C578IwZh/eOZrKytb7gVqwAAAQBf/+wELwRNACYAhbIYJygREjkAsABFWLAILxuxCBQ+WbAARViwJC8bsSQMPlmyFggkERI5sBYvsr8WAXG0HxYvFgJxso8WAV2xFwiwCitYIdgb9FmyAhcWERI5sgwWCBESObAIELEPAbAKK1gh2Bv0WbAkELEdAbAKK1gh2Bv0WbIgJAgREjm0BCAUIAJdMDETNDcmJjU0JDMyBBUhNCYjIgYVFBYzMxUjBhUUFjMyNjUhFAQjIiRfzFdiAQPgyQEA/t9lUlFiWlq7v8RtWVxtASH+9tDf/ukBMrhDJHlIk6i6kTM+QjY0PsEBgDdLRjWaurMAAQBM/nsDyAWwAB4ASbIDHyAREjkAsABFWLAALxuxABg+WbAARViwFC8bsRQMPlmwABCxHAGwCitYIdgb9FmyARwAERI5sBQQsQgJsAorWCHYG/RZMDEBFQEGBhUUFhYXFhYVFAYHJzYnNicnJiY1NBI3NyE1A8j+mXVWSNo1Z1WGYpNgBARdWrmnfZPL/foFsKX+U4W9clJXPhMka1NLw0VwZUM/HBcvtJaZAROu8OgAAAEAbP5hBBcETgAPAFSyChARERI5ALAARViwAy8bsQMUPlmwAEVYsAAvG7EAFD5ZsABFWLAGLxuxBg4+WbAARViwDS8bsQ0MPlmyAQANERI5sAMQsQoBsAorWCHYG/RZMDEBFzYzIBMRIREmIyIHESERAXkLd8ABVAj+3gOhf0X+3wQ6hZn+e/uYBFuoXfz5BDoAAwBw/+wERwXEAA0AFAAcAG2yAx0eERI5sAMQsBLQsAMQsBrQALAARViwCi8bsQoYPlmwAEVYsAMvG7EDDD5ZshYKAxESOXywFi8YtDAWQBYCXbEOAbAKK1gh2Bv0WbADELESAbAKK1gh2Bv0WbAKELEaAbAKK1gh2Bv0WTAxARACIyIAAxEQEjMyABMFIRUQMzITASE1NCYjIgMER/7s6f8ABP/s5wEBBP7f/mvMuw3+bAGVZWa8DQJg/tP+uQE+ASUBAwEuAUT+x/7Z+DP+nAEwAUYwsq3+0wABAIr/9QJvBDoADAApALAARViwAC8bsQAUPlmwAEVYsAkvG7EJDD5ZsQQBsAorWCHYG/RZMDEBAxQWMzI3FQYjIAMRAawBL0EsKE5h/s8FBDr9GDw0CNsaATUDEAAAAQAH/+4EWwYKABkAU7ICGhsREjkAsAAvsABFWLALLxuxCww+WbAARViwEC8bsRAMPlmwCxCxBgGwCitYIdgb9FmyDwAQERI5shIQABESObAAELEWAbAKK1gh2Bv0WTAxATIXARcWFzM3FwYjIiYnAwMhAScmJiMHJzYBHsZFAaYQIjQUEAIpRW+NKqvd/sgBf0gUPi86BkYGCqP73SNIAQHkB2NxAdX9aQQhpTIoA9cWAAEAZ/53BAEFxAAsAF+yHC0uERI5ALAARViwKS8bsSkYPlmwAEVYsBsvG7EbDD5ZsCkQsQMBsAorWCHYG/RZsgkpGxESObAJL7EKAbAKK1gh2Bv0WbAbELEPAbAKK1gh2Bv0WbIkCgkREjkwMQEmJiMiBhUUMzMVIyAVFB8CFgcUBgcnNjU0JycuAzU0NjcmNTQkMzIWFwOaW1Qyc2nsj4v+u/KUTKcDiV6WX3U7bKp1PpuR1wED2lyAUgSwGA1NP5Tx+q85JBlAm07DQnBjRkIgECE/X49wjr4vTruzzRUdAAABADT/9QT+BDoAFABesgsVFhESOQCwAEVYsBMvG7ETFD5ZsABFWLAKLxuxCgw+WbAARViwDy8bsQ8MPlmwExCxAAGwCitYIdgb9FmwChCxBQGwCitYIdgb9FmwABCwDdCwDtCwEdCwEtAwMQEjERQWMzI3FQYjIAMRIREhESM1IQTmqy1CLChOYP7QBv7s/t+xBLIDXf31OzUI2xoBMwI1/KMDXd0AAgBx/mAEPgROAA4AGgBZshEbHBESObARELAA0ACwAEVYsAAvG7EAFD5ZsABFWLAKLxuxCg4+WbAARViwBy8bsQcMPlmyCQAHERI5sREBsAorWCHYG/RZsAAQsRcBsAorWCHYG/RZMDEBMgARFRQCIyInESERNAATFjMyNjU0JiMiBhUCXuABAOPAo2b+3wEOEziFZGprYlllBE7+zv7xDfj+5Hn9+wPY9AEi/OJcl6qiraWeAAABAD/+igPuBE4AIAA8shUhIhESOQCwGS+wAEVYsAAvG7EAFD5ZsgQhABESObEHAbAKK1gh2Bv0WbAZELENAbAKK1gh2Bv0WTAxATIWFSE0JiMiBgcVFBYEFhYXFAYHJzYnNCcmJic1NDY2AjPL8P7wW1BkbQFyARNuOQKJWpdeAmrt2AN54wRO5sFWZ5ybH3yHTT1cR0/GP3JiRkgYPvTLKaH7iAAAAgBC/+wEfgQ6AA4AGgBOsg0bHBESObANELAS0ACwAEVYsA0vG7ENFD5ZsABFWLAGLxuxBgw+WbANELEAAbAKK1gh2Bv0WbAGELESAbAKK1gh2Bv0WbAAELAY0DAxASMWFRQAIyIAETU0ADMhARQWMzI2NTQmIyIGBH7+r/7y4Oj+6QET7gI7/OVza2JrbGNodANQjtnk/ucBKgEEDe8BJP3YnKKisY6bmAABACz/7AP9BDoAEQBLsgsSExESOQCwAEVYsBAvG7EQFD5ZsABFWLAKLxuxCgw+WbAQELEAAbAKK1gh2Bv0WbAKELEFAbAKK1gh2Bv0WbAAELAO0LAP0DAxASERFBYzMjcXBiMiJicRITUhA/3+nCoxLzMeVWaWqgH+tAPRA1L99js2EdwgqbICC+gAAAEAcf/rBBAEOgASAD2yDhMUERI5ALAARViwAC8bsQAUPlmwAEVYsAgvG7EIFD5ZsABFWLAOLxuxDgw+WbEDAbAKK1gh2Bv0WTAxAREUMzI2NSYDIRYREAAjIiYnEQGTfmB/BGIBFHL+/PHQ2AIEOv1q0M2V7AEY5P7g/u7+x9/PAqEAAAIANv4iBbQESQAZACIAaLIPIyQREjmwDxCwGtAAsBgvsABFWLAQLxuxEBQ+WbAARViwBi8bsQYUPlmwAEVYsBcvG7EXDD5ZsABFWLAALxuxAAw+WbAXELEaAbAKK1gh2Bv0WbAM0LAQELEgAbAKK1gh2Bv0WTAxBSQAETQSNxcGBgcQBRE0NjMyFhYVFAAFESEBNjY1JiYjIhUCYv70/uB4acY/RQIBC6+Cm/SS/tv+9P7fASGCjgJ2ZTMMIQE7AQOaAQdUmkW2YP7MPAI8gamD/5j1/tUd/jACvhmojoumNAABAET+IgWxBDoAFwBQsgAYGRESOQCwDC+wAEVYsAAvG7EAFD5ZsABFWLAFLxuxBRQ+WbAARViwEi8bsRIUPlmwAEVYsAsvG7ELDD5ZsRYBsAorWCHYG/RZsAHQMDEBESQRJgMhFhEQAAURIREkAAMRIREQFxEDgAEQA2kBDIH+3f7y/t/++/7tAwEi+QQ6/Kg5ATjVARLa/vP+9v7HHf4vAdIgASkBBAH5/hL+0zsDVgAAAQBT/+wGQQQ6ACIAW7IaIyQREjkAsABFWLAALxuxABQ+WbAARViwES8bsREUPlmwAEVYsBcvG7EXDD5ZsABFWLAdLxuxHQw+WbEFAbAKK1gh2Bv0WbIIHQAREjmwDNCyGhEXERI5MDEBAgcUFjMyEREhERAzMjY1JgMhFhEQAiMiJicGBiMiAhEQNwH8gAdTSqABMaBMUQeBARSV3tZupTAxpG3X3pUEOv7y9q21ASEBV/6p/t+7p/gBDOT+4P7c/tpsaGhsAScBIwEg5AACAHX/7AS5BcQAHgAnAG6yBigpERI5sAYQsB/QALAARViwGS8bsRkYPlmwAEVYsAYvG7EGDD5Zsh0GGRESObAdL7ETAbAKK1gh2Bv0WbAC0LILBhkREjmwBhCxDwGwCitYIdgb9FmwHRCwItCwGRCxJQGwCitYIdgb9FkwMQEGBxUUACMiADU1JRUUFjMyNjU1JgInNTQ2IBYXETclFBYXESYjIhUEuTBB/vDd2P7yARN6Z1Ncy/UE1gFYxAJm/blaVwJPYAJBEAxU4P77AQ3Z7QHybYN9b1krAQ23IrjY3cD++hT1V4YgARp8hwAAAf/nAAAE1gXKABgAQ7IAGRoREjkAsABFWLAVLxuxFRg+WbAARViwDC8bsQwMPlmyAAwVERI5sBUQsATQsBUQsREBsAorWCHYG/RZsAjQMDEBEzY2MzIXByciBwERIREBJiMHJzYzMhYXAl62MZRrSUkmOUQf/t/+0v7iHkY5I0tFcY4uAv8B14JyGecFR/1g/hgB6AKgRwXnGWt0AAACABT/7AaVBDoAFAAmAHKyCScoERI5sAkQsB7QALAARViwEy8bsRMUPlmwAEVYsAYvG7EGDD5ZsABFWLAMLxuxDAw+WbATELEAAbAKK1gh2Bv0WbIJEwYREjmwEdCwEtCwF9CwGNCwDBCxHQGwCitYIdgb9FmyIAwXERI5sCTQMDEBIxYVEAIjIiYnBgYjIgIRNDcjNSEBJichBgcUFjMyETUhFRAzMjYGlX4y19BzrTIzrHPR1zJ0BoH+lAQz/LsyBExGrwEwr0ZMA2yUov7b/ttua2tuASgBIqKUzv38kqShlay2ASHAwP7ftgAAAQAd/+8FwwWwABoAcbITGxwREjkAsABFWLAZLxuxGRg+WbAARViwFS8bsRUMPlmwAEVYsAwvG7EMDD5ZsBkQsQABsAorWCHYG/RZsgQVGRESObAEL7AMELENAbAKK1gh2Bv0WbAEELESAbAKK1gh2Bv0WbAAELAX0LAY0DAxASERNjMgBBUUBgcGITUgNTQmIyIHESERITUhBI3+J4VuAQMBGUdMk/76AQCEe3Vv/tP+lgRwBL3+ox/t12KwP3vj12Z8F/2MBL3zAAEAV//sBPwFxAAeAFiyAx8gERI5ALAARViwCy8bsQsYPlmwAEVYsAMvG7EDDD5ZsAsQsRIBsAorWCHYG/RZshYLAxESObAWL7EXAbAKK1gh2Bv0WbADELEbAbAKK1gh2Bv0WTAxAQYAISAAAzU0EiQzMgAXISYmIyIGByEVIRYWMzI2NwT7Ef7J/v7+6/6+A5QBE7b9ATMY/tQLh4qMlwwBv/5BCo2Vh4wKAeTn/u8BcgE/aNUBP6v+8fSNg7zD8r/FgYcAAAIAKAAACDoFsAAYACEAd7IJIiMREjmwCRCwGdAAsABFWLAXLxuxFxg+WbAARViwCC8bsQgMPlmwAEVYsBAvG7EQDD5ZsgAXCBESObAAL7AXELEKAbAKK1gh2Bv0WbAQELESAbAKK1gh2Bv0WbAAELEZAbAKK1gh2Bv0WbASELAa0LAb0DAxATMyFhYVFAAhIREhAwICBgcjNTc2NhMTIRERMzI2NTQmJwUi8aL8if7R/v/96/58GA9mxKpOMnFhDRkD0O9ziYNvA8F53IvW/vUEvf3+/vz+1YsB8QUP5wEoApz9H/4ih2tlhAMAAgCEAAAIOgWwABMAHAChsgEdHhESObABELAU0ACwAEVYsAIvG7ECGD5ZsABFWLASLxuxEhg+WbAARViwDC8bsQwMPlmwAEVYsBAvG7EQDD5ZsgECDBESObABL7TfAe8BAl20DwEfAQJxtG8BfwECXbR/AY8BAnGyBAIMERI5sAQvsAEQsQ4BsAorWCHYG/RZsAQQsRQBsAorWCHYG/RZsAwQsRUBsAorWCHYG/RZMDEBIREhETMyFhYVFAAHIREhESERIQERMzI2NTQmIwGwAkcBLPKi+on+1/T92v25/tQBLANz8HKKiXQDSgJm/gh32YvU/voDAln9pwWw/Rb+LYNpZoEAAAEAIQAABbcFsAAVAF+yDhYXERI5ALAARViwFC8bsRQYPlmwAEVYsAgvG7EIDD5ZsABFWLAQLxuxEAw+WbAUELEAAbAKK1gh2Bv0WbIEFAgREjmwBC+xDQGwCitYIdgb9FmwABCwEtCwE9AwMQEhETYzIAQXESERNCYjIgcRIREhNSEEef4tgFkBFQEfBP7UepJZgP7U/qcEWAS9/tUS8uT+MgHDgW4S/WAEvfMAAAEAdf6YBRUFsAALAEkAsAkvsABFWLAALxuxABg+WbAARViwBC8bsQQYPlmwAEVYsAYvG7EGDD5ZsABFWLAKLxuxCgw+WbECAbAKK1gh2Bv0WbAD0DAxEyERIREhESERIREhdQEsAkcBLf5U/tL+OgWw+0EEv/pQ/pgBaAACAH8AAATGBbAADAAVAF6yDxYXERI5sA8QsAPQALAARViwCy8bsQsYPlmwAEVYsAkvG7EJDD5ZsAsQsQABsAorWCHYG/RZsgILCRESObACL7ENAbAKK1gh2Bv0WbAJELEOAbAKK1gh2Bv0WTAxASERMyAEFRQAByERIQERMzI2NTQmJwQ4/XbqAQEBLf7V+P3cA7n9du9ziYNyBL3+5vnT1P7/AgWw/QH+QH5qY3MCAAIAGf6aBeAFsAAOABQAXbISFRYREjmwEhCwC9AAsAEvsABFWLALLxuxCxg+WbAARViwAi8bsQIMPlmwARCwBNCwAhCxBgGwCitYIdgb9FmwDdCwDtCwD9CwENCwCxCxEQGwCitYIdgb9FkwMQEhESERIQMzNhI3EyERMyEhESEDAgXI/uv8kv7kEG5ZYREqA7qq+/8CK/6PGR7+mgFm/psCVkoBH9QCgvtBA8z+gf5/AAABABEAAAf6BbAAFQCMALAARViwCS8bsQkYPlmwAEVYsA0vG7ENGD5ZsABFWLARLxuxERg+WbAARViwAi8bsQIMPlmwAEVYsAYvG7EGDD5ZsABFWLAULxuxFAw+WbACELAQ0LAQL7LfEAFdsm8QAV2yQBABXbEAAbAKK1gh2Bv0WbAE0LIIEAAREjmwEBCwC9CyEwAQERI5MDEBIxEhESMBIQEBIQEzESERMwEhAQEhBU6t/tSx/sP+igHG/lABdQFElQEskgE8AXT+WAG//okCUf2vAlH9rwMNAqP9tQJL/bUCS/1e/PIAAQBD/+0ElAXDACkAcrIoKisREjkAsABFWLALLxuxCxg+WbAARViwFy8bsRcMPlmwCxCxAwGwCitYIdgb9FmyKAsXERI5sCgvtG8ofygCXbTfKO8oAl2y/ygBcbElAbAKK1gh2Bv0WbIRJSgREjmwFxCxHwGwCitYIdgb9FkwMQE0JiMiBhUhNDY2MzIEFRQGBxYWFRQEIyImJjUhFBYzMjY1NCYjIzUzNgNQgmtgf/7UhfWR/AEedWx4gP7N/p/+gwEuiGp4i3x3s7nXBB9TX19Mdr1q2MZhpjIqq3/E5229fU5pbFNyY+sDAAABAHgAAAUYBbAACQBFALAARViwAC8bsQAYPlmwAEVYsAcvG7EHGD5ZsABFWLACLxuxAgw+WbAARViwBS8bsQUMPlmyBAACERI5sgkAAhESOTAxASERIREBIREhEQPrAS3+0/25/tQBLAWw+lADx/w5BbD8NwAAAQAoAAAFIgWwABAAT7IEERIREjkAsABFWLAALxuxABg+WbAARViwAS8bsQEMPlmwAEVYsAkvG7EJDD5ZsAAQsQMBsAorWCHYG/RZsAkQsQsBsAorWCHYG/RZMDEBESERIQMCAgYHIzU3NjYTEwUi/tP+fBgPZsSqTjJxYQ0ZBbD6UAS9/f7+/P7ViwHxBQ/nASgCnAAAAQAf/+sE8QWwABAARLIAERIREjkAsABFWLABLxuxARg+WbAARViwDy8bsQ8YPlmwAEVYsAYvG7EGDD5ZsgAGARESObEKAbAKK1gh2Bv0WTAxAQEhAQcGIycnFjMyNjc3ASECpAEJAUT+Aylx6WkDGDY/TRol/gEBQwMAArD7T0/FBPEELDtfBA4AAwBJ/8QGRQXsABcAIAApAEoAsAovsBYvshUWChESObAVL7AA0LILChYREjmwCy+wCNCwCxCxHwGwCitYIdgb9FmwABCxIQGwCitYIdgb9FmwINCwHxCwItAwMQEzMgQSFRAAIRUhNSMiJAI1NBIkNzM1IQEiBhUUFjMzESERMzI2NTQmIwPZEqsBFZr+sf7j/t8Trf7qmZgBEqkcASH+zJWrqpoPASEUk6mmmwUul/7qsf76/rS6upUBDq2vARSbAr7+SbyroLcCvv1CuaCnvgAAAQB1/qEF3AWwAAsAPACwCS+wAEVYsAAvG7EAGD5ZsABFWLAELxuxBBg+WbAARViwCi8bsQoMPlmxAgGwCitYIdgb9FmwBtAwMRMhESERIREzAyERIXUBLAJHAS3HFP7o+8UFsPtBBL/7Qf2wAV8AAAEAiQAABQwFsAARAEeyBRITERI5ALAARViwAC8bsQAYPlmwAEVYsAkvG7EJGD5ZsABFWLABLxuxAQw+WbIOAAEREjmwDi+xBQGwCitYIdgb9FkwMQERIREGIyAkJxEhERYWMzI3EQUM/tOJlf7r/uEEAS0Bd5OViQWw+lACKB3y5QHO/jh9bh0ClgAAAQCAAAAHKgWwAAsASQCwAEVYsAAvG7EAGD5ZsABFWLADLxuxAxg+WbAARViwBy8bsQcYPlmwAEVYsAkvG7EJDD5ZsQEBsAorWCHYG/RZsAXQsAbQMDEBESERIREhESERIREBrQGUAS0BkAEs+VYFsPtBBL/7QQS/+lAFsAAAAQCA/qIH6gWwAA8AVQCwCy+wAEVYsAAvG7EAGD5ZsABFWLADLxuxAxg+WbAARViwBy8bsQcYPlmwAEVYsA0vG7ENDD5ZsQEBsAorWCHYG/RZsAXQsAbQsAnQsArQsALQMDEBESERIREhESERMwMhESERAa0BlAEtAZABLMAU/vT5tgWw+0EEv/tBBL/7OP26AV4FsAAAAgAZAAAF7QWwAAwAFQBhsgEWFxESObABELAN0ACwAEVYsAAvG7EAGD5ZsABFWLAJLxuxCQw+WbICAAkREjmwAi+wABCxCwGwCitYIdgb9FmwAhCxDQGwCitYIdgb9FmwCRCxDgGwCitYIdgb9FkwMRMhETMgBBUUAAchESEBETMyNjU0JicZArzqAQEBLf7V+P3d/nICvO9ziYNyBbD98/nT1P7/AgTG/ev+QH5qY3MCAAMAhQAABnQFsAAKAA4AFwBvsgIYGRESObACELAM0LACELAT0ACwAEVYsAkvG7EJGD5ZsABFWLANLxuxDRg+WbAARViwBy8bsQcMPlmwAEVYsAsvG7ELDD5ZsgAJBxESObAAL7EPAbAKK1gh2Bv0WbAHELEQAbAKK1gh2Bv0WTAxATMgBBUUAAchESEBIREhAREzMjY1NCYnAbPqAQEBLf7V+P3dAS4Ewf7UASz7P+9ziYNyA6P509T+/wIFsPpQBbD9Af5AfmpjcwIAAAIAgAAABMYFsAAKABMAT7INFBUREjmwDRCwAdAAsABFWLAJLxuxCRg+WbAARViwBy8bsQcMPlmyAAkHERI5sAAvsQsBsAorWCHYG/RZsAcQsQwBsAorWCHYG/RZMDEBMyAEFRQAByERIRERMzI2NTQmJwGu6gEBAS3+1fj93QEu73OJg3IDo/nT1P7/AgWw/QH+QH5qY3MCAAABAD7/7ATiBcQAHgBesgMfIBESOQCwAEVYsBMvG7ETGD5ZsABFWLAbLxuxGww+WbEDAbAKK1gh2Bv0WbAbELAJ0LAJL7JvCQFdst8JAV2xBgGwCitYIdgb9FmwExCxDAGwCitYIdgb9FkwMQEWFjMyNjchNSEmJiMiBgchNgAhMgQSFRUQACEgACcBaw2MhZOOC/40AcsMl4yIiAv+1BYBMQEAtgETlP6//uj+/v7JEQHkjXvDv/PDvYGP7wEUq/7B1F/+vv6HARHnAAACAI7/7AczBcQAFwAlAHqyISYnERI5sCEQsBLQALAARViwEy8bsRMYPlmwAEVYsA0vG7ENGD5ZsABFWLAELxuxBAw+WbAARViwCi8bsQoMPlmyDwoNERI5fLAPLxixCAGwCitYIdgb9FmwExCxGwGwCitYIdgb9FmwBBCxIgGwCitYIdgb9FkwMQEUAgQjIiQCJyMRIREhETM2EiQzMgQSFSU0JiMiBgcVFBYzMjY3BzOY/uW3p/73pROn/tQBLKIJnQEVsLYBG5v+0KSYl6QBpJqXogECt9f+vLCRARC2/b0FsP18xQEupa/+udYB5e7r40ff9u3jAAL/5AAABFAFsAAMABQAY7IQFRYREjmwEBCwCtAAsABFWLAKLxuxChg+WbAARViwAC8bsQAMPlmwAEVYsAMvG7EDDD5ZshEKABESObARL7EBAbAKK1gh2Bv0WbIFAREREjmwChCxEgGwCitYIdgb9FkwMSERIwEhASYRNCQ3IREBFBYzMxEjIgMj9P75/rwBN+EBGPsCA/0Wd3fPz+4CDf3zAm18AQXW6gL6UAPYem4BzQACAFT/6wRQBhYAGQAmAFayDicoERI5sA4QsBrQALAARViwES8bsREaPlmwAEVYsAcvG7EHDD5ZsgAHERESObAAL7IYAAcREjmxGgGwCitYIdgb9FmwBxCxIAGwCitYIdgb9FkwMQEyEhUVFAAjIgARNRISNzY2NTMUBgcGBgc2FyIGFRQWMzI2NzU0JgKI0Pj+7Onq/usC8/SASuqp2ICUGoqFZ3VybGlyAXUD/v7s7Q7q/uYBMQEGMAFtAZ02HDcxnZ4rGpaIhuqKm4qRjooYhYsAAAMAggAABEYEOgAOABUAHQCHsgIeHxESObACELAR0LACELAc0ACwAEVYsAEvG7EBFD5ZsABFWLAALxuxAAw+WbIWAAEREjl8sBYvGLTQFuAWAl20cBaAFgJxtEAWUBYCXbIQFgFysQ8IsAorWCHYG/RZsggPFhESObAAELEQAbAKK1gh2Bv0WbABELEcAbAKK1gh2Bv0WTAxMxEhMhYVFAYHFhYVFAYjAxUzMjU0JyczNjU0JiMjggHE3exjX3SF49jo6ZmS8LOYU1WjBDqckkt3IBaBXpeeAcHaa20CwgJgOzIAAAEAbwAAA1AEOgAFACwAsABFWLAELxuxBBQ+WbAARViwAi8bsQIMPlmwBBCxAAGwCitYIdgb9FkwMQEhESERIQNQ/kD+3wLhA1D8sAQ6AAIAIf67BOoEOgAOABQAXbISFRYREjmwEhCwC9AAsAkvsABFWLAELxuxBBQ+WbAARViwCi8bsQoMPlmxAAGwCitYIdgb9FmwBtCwB9CwCRCwDNCwBxCwD9CwENCwBBCxEQGwCitYIdgb9FkwMTc2NjcTIREzESERIREhESEhESMHAn5iRgQIAxyc/t/9f/7ZAbIBW+ECCelozLsBYvyv/dIBRf67Ai4CYoL+1gABACcAAAa6BDoAFQCCALAARViwCS8bsQkUPlmwAEVYsA0vG7ENFD5ZsABFWLARLxuxERQ+WbAARViwAi8bsQIMPlmwAEVYsAYvG7EGDD5ZsABFWLAULxuxFAw+WbACELAQ0LAQL7LfEAFdsQABsAorWCHYG/RZsATQsggQABESObAQELAL0LITABAREjkwMQEjESERIwMhAQEhEzMRIREzEyEBASEEgIP+34HX/qMBVf6vAWbhagEhbOIBZv6xAVj+nQGR/m8Bkf5vAjYCBP5sAZT+bAGU/gP9wwAAAQBF/+wD2wRNACYAhLIDJygREjkAsABFWLAKLxuxChQ+WbAARViwFS8bsRUMPlmwChCxAwGwCitYIdgb9FmyBgoVERI5siUVChESOXywJS8YtEAlUCUCXbTQJeAlAl20cCWAJQJxsSIIsAorWCHYG/RZshAiJRESObIZFQoREjmwFRCxHAGwCitYIdgb9FkwMQE0JiMiBhUhNDYzMhYVFAYHFhUUBiMiJjUhFBYzMjY1NCYjIzUzNgKnS0VHWf7f9L7R71dPuf/Uxf4BIWJPTVZSUp2nhwL7OT87NpO4pJdIeSRBupWxuJw3REg6Rz28BAABAG8AAAQcBDoACQBFALAARViwAC8bsQAUPlmwAEVYsAcvG7EHFD5ZsABFWLACLxuxAgw+WbAARViwBS8bsQUMPlmyBAcCERI5sgkHAhESOTAxASERIREBIREhEQL7ASH+3/6W/t4BIgQ6+8YCnP1kBDr9ZQAAAQCCAAAEhAQ6AAwAWACwAEVYsAQvG7EEFD5ZsABFWLAILxuxCBQ+WbAARViwAi8bsQIMPlmwAEVYsAsvG7ELDD5ZsAIQsAbQsAYvst8GAV2xAQGwCitYIdgb9FmyCgEGERI5MDEBIxEhESERMxMhAQEhAhd0/t8BIWfsAW3+ngGD/n8Bj/5xBDr+aQGX/f39yQABABYAAAQcBDoADwBPsgQQERESOQCwAEVYsAAvG7EAFD5ZsABFWLABLxuxAQw+WbAARViwCC8bsQgMPlmwABCxAwGwCitYIdgb9FmwCBCxCgGwCitYIdgb9FkwMQERIREjAwIGByMnNzY2NxMEHP7f/xIRsK5iAyROSAkUBDr7xgNQ/rL+9fQD6wMGrM8BywABAIIAAAWHBDoADABZALAARViwAS8bsQEUPlmwAEVYsAsvG7ELFD5ZsABFWLADLxuxAww+WbAARViwBi8bsQYMPlmwAEVYsAkvG7EJDD5ZsgALAxESObIFCwMREjmyCAsDERI5MDEBASERIREBIwMRIREhAwIBGwFq/t/+/cL+/t8BZwFVAuX7xgKY/WgCjf1zBDoAAQBvAAAEGQQ6AAsAVACwAEVYsAYvG7EGFD5ZsABFWLAKLxuxChQ+WbAARViwAC8bsQAMPlmwAEVYsAQvG7EEDD5ZsgkAChESOXywCS8YskAJAV2xAgGwCitYIdgb9FkwMSEhESERIREhESERIQQZ/t7+mf7fASEBZwEiAaD+YAQ6/k4BsgABAG8AAAQcBDoABwA5ALAARViwBi8bsQYUPlmwAEVYsAAvG7EADD5ZsABFWLAELxuxBAw+WbAGELECAbAKK1gh2Bv0WTAxISERIREhESEEHP7e/pb+3wOtA1D8sAQ6AAABAB8AAAPxBDoABwAyALAARViwBi8bsQYUPlmwAEVYsAIvG7ECDD5ZsAYQsQABsAorWCHYG/RZsATQsAXQMDEBIREhESE1IQPx/qX+3v6rA9IDUvyuA1LoAAADAET+YAWUBgAAGgAlAC8AgbIHMDEREjmwBxCwINCwBxCwKtAAsAYvsABFWLADLxuxAxQ+WbAARViwCi8bsQoUPlmwAEVYsBMvG7ETDj5ZsABFWLAQLxuxEAw+WbAARViwFy8bsRcMPlmwChCxHgGwCitYIdgb9FmwEBCxIwGwCitYIdgb9FmwKNCwHhCwLdAwMRMQEjMyFxEhETYzMhIRFAIjIicRIREGIyICJyU0JiMiBxEWMzITJRAzMjcRJiMiBkTVu0k8ASE+S7zV1rlNPv7fPEuv1AoELWJZHCEcI6oO/PS3JhchGllgAhUBBQE0HQHP/jAe/s3+5fX+4Rz+WAGnGwEG5D+irQf9fQYBAir+1QUCgwepAAABAG/+vwS+BDoACwA8ALAIL7AARViwAC8bsQAUPlmwAEVYsAQvG7EEFD5ZsABFWLAKLxuxCgw+WbECAbAKK1gh2Bv0WbAG0DAxEyERIREhETMDIREhbwEhAWoBIqIU/vP80gQ6/K8DUfyt/dgBQQAAAQBYAAAD/wQ6ABEAR7IEEhMREjkAsABFWLAILxuxCBQ+WbAARViwEC8bsRAUPlmwAEVYsAAvG7EADD5Zsg0QABESObANL7EEAbAKK1gh2Bv0WTAxISERBiMiJicRIREWFjMyNxEhA//+31FG9fgCASEBWnNITwEhAVQP0MgBXf6jXlERAfsAAAEAbwAABiUEOgALAEkAsABFWLAALxuxABQ+WbAARViwAy8bsQMUPlmwAEVYsAcvG7EHFD5ZsABFWLAJLxuxCQw+WbEBAbAKK1gh2Bv0WbAF0LAG0DAxAREhESERIREhESERAZABKQEiASkBIfpKBDr8rwNR/K8DUfvGBDoAAAEAbP6/BvkEOgAPAEwAsAwvsABFWLAALxuxABQ+WbAARViwAy8bsQMUPlmwAEVYsAcvG7EHFD5ZsABFWLANLxuxDQw+WbEBAbAKK1gh2Bv0WbAF0LAJ0DAxAREhESERIREhETMDIREhEQGNASkBIgEoASLXFP7z+pQEOvyvA1H8rwNR/K392AFBBDoAAgAhAAAFFwQ6AA0AFgBhsgEXGBESObABELAO0ACwAEVYsAAvG7EAFD5ZsABFWLAKLxuxCgw+WbICAAoREjmwAi+wABCxDAGwCitYIdgb9FmwAhCxDgGwCitYIdgb9FmwChCxDwGwCitYIdgb9FkwMRMhETMyFhYVFAYjIREhAREzMjY1NCYjIQJWz4zUcf3a/hb+ywJWzVZcWlgEOv7DXq90q9EDUP7F/tJQRUZTAAADAIIAAAYQBDoACwAPABgAb7IHGRoREjmwBxCwDdCwBxCwFNAAsABFWLAKLxuxChQ+WbAARViwDi8bsQ4UPlmwAEVYsAgvG7EIDD5ZsABFWLAMLxuxDAw+WbIADggREjmwAC+xEAGwCitYIdgb9FmwCBCxEQGwCitYIdgb9FkwMQEzMhYWFRQGIyERIQEhESEBETMyNjU0JiMBpM+M1HH92v4VASIEbP7fASH7lM1WXFpYAv1er3Sr0QQ6+8YEOv3b/tJQRUZTAAIAggAABEQEOgALABQAT7IIFRYREjmwCBCwDtAAsABFWLAKLxuxChQ+WbAARViwCC8bsQgMPlmyAAoIERI5sAAvsQwBsAorWCHYG/RZsAgQsQ0BsAorWCHYG/RZMDEBMzIWFhUUBiMhESERETMyNjU0JiMBpM+M1HH92v4VASLNVlxaWAL9Xq90q9EEOv3b/tJQRUZTAAEAP//sA+4ETgAeAG+yEB8gERI5ALAARViwCC8bsQgUPlmwAEVYsBAvG7EQDD5ZsAgQsQABsAorWCHYG/RZsgMIEBESObIUEAgREjmwEBCxFwGwCitYIdgb9FmyHQgQERI5fLAdLxi0QB1QHQJdsRoIsAorWCHYG/RZMDEBIgYVITQ2NjMyABEVFAYGIyImNSEUFjMyNjchNSEmAflOXP7wdct65QEQeOOYyPQBEF1PV2oM/t4BIh0DZFdJbrZm/tX+/hOg+YnmwFNre3mx6wACAIb/7AY8BE4AEwAfAI2yFCAhERI5sBQQsAzQALAARViwBC8bsQQUPlmwAEVYsBMvG7ETFD5ZsABFWLAQLxuxEAw+WbAARViwCy8bsQsMPlmyARATERI5fLABLxi0kAGgAQJdskABAV20AAEQAQJdsQ4BsAorWCHYG/RZsAsQsRcBsAorWCHYG/RZsAQQsR0BsAorWCHYG/RZMDEBMzYkMzIAFxcUACMiJCcjESERIQEUFjMyNjU0JiMiBgGonCABC8vbARUQAv7q6tP+8xuZ/t4BIgG0dGxrdHZranQCm8rp/vTmSvn+0/TR/k8EOv3YmqOisJempQAAAgApAAAD9QQ6AA0AFQBjsgQWFxESObAEELAR0ACwAEVYsAAvG7EAFD5ZsABFWLABLxuxAQw+WbAARViwBS8bsQUMPlmyDwABERI5sA8vsQMBsAorWCHYG/RZsgcDDxESObAAELEQAbAKK1gh2Bv0WTAxAREhESMDIRMmJjU0NjcTMxEjIgYUFgP1/uC30P7b7GFp88wFxrxNYFwEOvvGAXb+igGnLZpinckE/gYBElF0TAAAAf/M/ksEDwYAACEAirIOIiMREjkAsB8vsABFWLAELxuxBBQ+WbAARViwGC8bsRgMPlmwAEVYsAovG7EKDj5Zsr8fAV2yLx8BXbIPHwFdsiEfGBESObAhL7EAB7AKK1gh2Bv0WbICBBgREjmwChCxDwGwCitYIdgb9FmwBBCxFQGwCitYIdgb9FmwABCwGtCwIRCwHdAwMQEjFTYzIBMRFAYjIic3FjMyNRE0JiMiBxEhESM1MzUhFTMCh/5zrgFgBci0TkEOKzh5UF1/Of7fnJwBIf4EpeGK/mf9KcHSEeUMsALHXlli/P8EpbekpAAAAQBA/+wD9QROAB0AgrIWHh8REjkAsABFWLAPLxuxDxQ+WbAARViwCC8bsQgMPlmxAAGwCitYIdgb9FmyBAgPERI5shMPCBESObAPELEWAbAKK1gh2Bv0WbIZDwgREjl8sBkvGLKPGQFytO8Z/xkCcbQfGS8ZAnGyrxkBcrK/GQFxsRoIsAorWCHYG/RZMDElMjY3IQ4CIyIAETU0ADMyFhchJiYjIgchFSEWFgIvUGQCARABd8185v7yAQrpyvYC/vACZFG8DwEx/tEMY9VYSW+2ZQEmAQQU+gEq58BWZ/uxdW4AAgAVAAAGsgQ6ABYAHwB9sgggIRESObAIELAX0ACwAEVYsBUvG7EVFD5ZsABFWLAHLxuxBww+WbAARViwDi8bsQ4MPlmyABUHERI5sAAvsBUQsQkBsAorWCHYG/RZsA4QsRABsAorWCHYG/RZsAAQsRcBsAorWCHYG/RZsAcQsRgBsAorWCHYG/RZMDEBMzIWFRQGIyERIwMCBgcjJzc2NjcTIRERMzI2NTQmIwQSxuH5/Nv+FfUSEa2saAIkTkgJFAMmzVZcXFYC5MqnqMsDUP6y/vf0BesDBqzPAcv9wv7rTUE+SQACAG8AAAa5BDoAEgAbAJqyARwdERI5sAEQsBPcALAARViwEi8bsRIUPlmwAEVYsAIvG7ECFD5ZsABFWLAPLxuxDww+WbAARViwDC8bsQwMPlmyAA8SERI5fLAALxiyQAABXbQAABAAAl20kACgAAJdsgQMAhESObAEL7AAELEOAbAKK1gh2Bv0WbAEELETAbAKK1gh2Bv0WbAMELEUAbAKK1gh2Bv0WTAxASERIREzMhYVFAYjIREhESERIQERMzI2NTQmIwGQAWcBIsbh+fzb/hX+mf7fASECic1WXFxWApgBov6qyqeoywGw/lAEOv3C/utNQT5JAAH/2gAABA8GAAAYAHayDBkaERI5ALAVL7AARViwBC8bsQQUPlmwAEVYsAcvG7EHDD5ZsABFWLAPLxuxDww+WbIvFQFdsg8VAV2yGA8VERI5sBgvsQAHsAorWCHYG/RZsgIEBxESObAEELEMAbAKK1gh2Bv0WbAAELAR0LAYELAT0DAxASEVNjMgExEhETQmIyIHESERIzUzNSEVIQKV/vRzrgFgBf7fUF1/Of7fjo4BIQEMBLHtiv5n/UsCrV1ZYvz/BLG3mJgAAQBv/pkEHAQ6AAsARgCwCC+wAEVYsAAvG7EAFD5ZsABFWLADLxuxAxQ+WbAARViwBS8bsQUMPlmwAEVYsAkvG7EJDD5ZsQEBsAorWCHYG/RZMDEBESERIREhESERIREBkAFqASL+uv7f/roEOvyvA1H7xv6ZAWcEOgABAHf/6wcTBbAAHABhsgYdHhESOQCwAEVYsAAvG7EAGD5ZsABFWLAMLxuxDBg+WbAARViwFC8bsRQYPlmwAEVYsAQvG7EEDD5ZsABFWLAILxuxCAw+WbIGAAQREjmxEAGwCitYIdgb9FmwGNAwMQERFAAjIicGIyIANREhERAzMjY1ESERFDMyNjURBxP+9ufleHjm5f71AS3DXGsBLsZbaQWw/CPh/vmiogEG4wPc/Cz/AHWAA9/8Kv51gAPfAAABAGT/6wZABDoAGwBhsgccHRESOQCwAEVYsAAvG7EAFD5ZsABFWLANLxuxDRQ+WbAARViwFC8bsRQUPlmwAEVYsAQvG7EEDD5ZsABFWLAJLxuxCQw+WbIHFAQREjmxEQGwCitYIdgb9FmwGNAwMQERBgYHIyInBiMiJicRIREWMzI3ESERFjMyNxEGQALrygLJam7Nx+sDASIEj6kDASIFm5MEBDr9ftf1AZCQ9NUChv123OAChv1z2dsCiwAAAv/lAAAEQwYZABEAGgB0shQbHBESObAUELAD0ACwAEVYsA4vG7EOGj5ZsABFWLAILxuxCAw+WbIRDggREjmwES+xAAewCitYIdgb9FmyAg4IERI5sAIvsAAQsArQsBEQsAzQsAIQsRIBsAorWCHYG/RZsAgQsRMBsAorWCHYG/RZMDEBIREzFhYQBgchESM1MxEhESEBETMyNjU0JicCpP8A09T49tH+Bp2dASIBAP8AzVdbV1QEOv7cAtb+ntkDBDq3ASj+2P09/rlYTUhYAgAAAQB9/+0G+gXFACMAfrINJCUREjkAsABFWLAjLxuxIxg+WbAARViwBS8bsQUYPlmwAEVYsCAvG7EgDD5ZsABFWLAbLxuxGww+WbIAIyAREjmwAC+wBRCxCwGwCitYIdgb9FmwABCwDtCwABCxHwGwCitYIdgb9FmwENCwGxCxFAGwCitYIdgb9FkwMQEzNhIkMzIAFyEmJiAGByEVIRYWMzI2NyEGACMgAAMjESERIQGprw6dAQeo/AE0GP7UC4f+7JQNAa3+UgiQkYqJCgEsEf7H//7z/sIOrf7UASwDXLwBGZT+8vSNf7a96tDAfYfr/vIBWgEr/Y4FsAAAAQB1/+wFzgROACEAnLIDIiMREjkAsABFWLAELxuxBBQ+WbAARViwIC8bsSAUPlmwAEVYsB4vG7EeDD5ZsABFWLAZLxuxGQw+WbIOIB4REjl8sA4vGLRADlAOAl200A7gDgJdsADQsgcEGRESObAEELELAbAKK1gh2Bv0WbAOELEPCLAKK1gh2Bv0WbAZELESAbAKK1gh2Bv0WbIVGQQREjmwDxCwHNAwMQEzNiQzMhYXISYmIyIHIRUhFjMyNjchBgYjIiQnIxEhESEBl4cWAQTUyvYC/vECZFKxGAFF/roTuFBlAgEPAv+/1f74FIb+3gEiAnra+ufAVGnqt+5ZSKnh+9z+PQQ6AAACAA8AAAVHBbAACwAOAFcAsABFWLAILxuxCBg+WbAARViwAi8bsQIMPlmwAEVYsAYvG7EGDD5ZsABFWLAKLxuxCgw+WbINCAIREjmwDS+xAAGwCitYIdgb9FmwBNCyDggCERI5MDEBIxEjESMDIQEhASEBIQMDgmD6VYn+xQIBATgB//7F/gsBJ5MBo/5dAaP+XQWw+lACcwHBAAACAAcAAARiBDoACwAQAFcAsABFWLAILxuxCBQ+WbAARViwAi8bsQIMPlmwAEVYsAYvG7EGDD5ZsABFWLAKLxuxCgw+WbINAggREjmwDS+xAQiwCitYIdgb9FmwBNCyDwgCERI5MDEBIxEjESMDIQEhASEBMycnBwLcTb9FXf7ZAZkBKQGZ/tn+kc5JHh4BDf7zAQ3+8wQ6+8YBydKAgAAAAgCTAAAHaAWwABMAFgB9ALAARViwAi8bsQIYPlmwAEVYsBIvG7ESGD5ZsABFWLAELxuxBAw+WbAARViwCC8bsQgMPlmwAEVYsAwvG7EMDD5ZsABFWLAQLxuxEAw+WbIVAgQREjmwFS+wANCwFRCxBgGwCitYIdgb9FmwCtCwBhCwDtCyFgIEERI5MDEBIQEhASEDIxEjESMDIRMhESERIQEhAwG/AU0BJQE4Af/+xYpg+lSK/sWT/vz+1AEsAnoBJpMCcgM++lABo/5dAaP+XQGj/l0FsPzDAb8AAAIAfgAABksEOgATABgAgACwAEVYsAIvG7ECFD5ZsABFWLASLxuxEhQ+WbAARViwBC8bsQQMPlmwAEVYsAgvG7EIDD5ZsABFWLAMLxuxDAw+WbAARViwEC8bsRAMPlmyABASERI5sAAvsAHQsQ4IsAorWCHYG/RZsAvQsAfQsAEQsBTQsBXQshcSBBESOTAxATMTIQEhAyMRIxEjAyETIxEhESEBMycnBwGg/O0BKAGa/tlfTb9FXf7YZrX+3gEiAhXOSR4eAcgCcvvGAQ3+8wEN/vMBDf7zBDr9j9KAgAAAAgBtAAAGiwWwABkAHAB8shodHhESObAaELAM0ACwAEVYsBgvG7EYGD5ZsABFWLAELxuxBAw+WbAARViwCy8bsQsMPlmwAEVYsBIvG7ESDD5ZshcYBBESObAXL7AA0LAXELEJAbAKK1gh2Bv0WbAN0LAO0LIaGAQREjmwGBCxGwGwCitYIdgb9FkwMQEWFhcRIREmJicjESERIyIGBxEhETYkJQEhARMhBJ348QX+1AFpelv+1GuCbQH+1AEBAQEO/owFCv17vP6IAx8I3df+nQFXcWEC/dUCK2Nx/qkBVebjAgKQ/Z4BbAAAAgBvAAAFbwQ6ABgAGwB1shkcHRESObAZELAL0ACwFi+wAEVYsBcvG7EXFD5ZsABFWLAELxuxBAw+WbAARViwCi8bsQoMPlmwAEVYsBEvG7ERDD5ZsBYQsADQsBYQsQwBsAorWCHYG/RZsAnQshkXBBESObAXELEaAbAKK1gh2Bv0WTAxARYWFRUhNSYmIxEhESMiBgcVITU2NjcBIQETIwP4wbb+3wFYcf7fFmdVAf7fAr/E/u8EJv3tfvsCYBbWv7W9b1z+eAGIXm68vsPOEwHY/jsBBgAAAgCVAAAI4AWwAB8AIgCisgojJBESObAKELAi0ACwAEVYsAcvG7EHGD5ZsABFWLALLxuxCxg+WbAARViwAC8bsQAMPlmwAEVYsAUvG7EFDD5ZsABFWLARLxuxEQw+WbAARViwGC8bsRgMPlmyCQcAERI5sAkvsQMBsAorWCHYG/RZsAkQsA3QsRYBsAorWCHYG/RZsBrQsBvQsiAHABESObALELEhAbAKK1gh2Bv0WTAxIRE0NyERIREhESEBIQEWFhcRIREmJicjESERIyIGBxEBEyECwiv+1P7UASwDD/6OBQr+ivjxBf7UAWl6W/7Ua4JtAQH1vP6IAVKEYv3IBbD9dAKM/W8I3df+nQFXcWEC/dUCK2Nx/qkDTgFsAAIAhgAAB50EOgAeACEAmbIbIiMREjmwGxCwIdAAsABFWLAHLxuxBxQ+WbAARViwCy8bsQsUPlmwAEVYsAAvG7EADD5ZsABFWLAFLxuxBQw+WbAARViwES8bsREMPlmwAEVYsBcvG7EXDD5ZsgkLABESObAJL7EEAbAKK1gh2Bv0WbAJELAN0LAEELAa0LAW0LIfCwAREjmwCxCxIAGwCitYIdgb9FkwMSE1NDchESERIREhASEBFhYVFSE1NCYjESERIyIGBxUBEyMCnCj+4/7fASECef7xBCb+78G2/t5VdP7fFmhVAQFnffq1gFv+cAQ6/iwB1P4mFta/tbdxYP54AYhebrwCdQEGAAACAAf+QAOyB4gAKAAxAKyyHzIzERI5sB8QsCnQALAuL7AARViwBS8bsQUYPlmwAEVYsBcvG7EXDj5ZsABFWLARLxuxEQw+WbAFELEEAbAKK1gh2Bv0WbIlEQUREjl8sCUvGLQwJUAlAl2ygCUBXbSgJbAlAl2xJAGwCitYIdgb9FmyCyQlERI5sBEQsR4BsAorWCHYG/RZsg8uAV2wLhCwMdCwMS+0DzEfMQJdsikuMRESObAq0LAqLzAxATQmIyE1ISAEFRQHFhYVFAQjIwYVFBcHJiYnNDY3MzY2NTQhIzUzNjYDNzMVASMBNTMCZG93/vsBAgEAAQvkhIz+8fA4bZFSmqoCtKlKaHr+6YufZ3B5kvf+0rf+0vcEGExb8ca27V0qq33G5wJcYjqxI8CSjJkCAWVS3PECXgM4jwv+5wEbCQACABz+UAOYBgUAJQAuAKeyHS8wERI5sB0QsCbQALArL7AARViwBC8bsQQUPlmwAEVYsA8vG7EPDD5ZsABFWLAVLxuxFQ4+WbAEELEDAbAKK1gh2Bv0WbIjBA8REjl8sCMvGLRAI1AjAl200CPgIwJdsSIIsAorWCHYG/RZsgoiIxESObAPELEcAbAKK1gh2Bv0WbIPKwFdsCsQsC7QsC4vtA8uHy4CXbImKy4REjmwJ9CwJy8wMQE0IyM1IRYWFRQHFhUUBgcjBhUUFwcmJic0NjMzMjY1NCMjNTMyAzczFQEjATUzAkrT/gEP7faw3ffRPnyBUYigAqiiNWF78Jmdv3OT9v7Stv7R9wL1ctMCm42pS0Kqla4CAlxjOaEswXh9i0Q5hbQDA48L/ucBGgoAAwBa/+wFMgXEABAAFwAeAIWyGB8gERI5sBgQsATQsBgQsBHQALAARViwDC8bsQwYPlmwAEVYsAQvG7EEDD5ZsREBsAorWCHYG/RZshsMBBESObAbL7RsG3wbAl2yzBsBXbQMGxwbAnGynBsBXbJsGwFxtCwbPBsCcrEVCLAKK1gh2Bv0WbAMELEYAbAKK1gh2Bv0WTAxARQCBCMiJAInNTQSJCAEEhUBMjY3IRYWEyIGByEmJgUymP7lt7X+5JwBmwEbAWwBG5v9lo6hCv2KC6ONjqELAnULowK31/68sK4BQ9JI1wFHr6/+udb96tTKytQD6s/Hx88AAAMAQP/sBEEETgAPABYAHQBwsgweHxESObAMELAQ0LAMELAX0ACwAEVYsAQvG7EEFD5ZsABFWLAMLxuxDAw+WbAEELEQAbAKK1gh2Bv0WbIUBAwREjl8sBQvGLRAFFAUAl2wDBCxFwGwCitYIdgb9FmwFBCxGgiwCitYIdgb9FkwMRM0NjYzMgARFRQGBiMiACcBIgYHISYmAzI2NyEWFkB96pnqARd955vg/uoLAf9bcg0BtQ5xWltuEP5MDXACJ6L8if7T/vwLovyIARbsAXZ+cXV6/XF3cm96AAABAAsAAAUIBcIADwBHsgEQERESOQCwAEVYsAYvG7EGGD5ZsABFWLAPLxuxDxg+WbAARViwDC8bsQwMPlmyAQYMERI5sAYQsQkBsAorWCHYG/RZMDEBFzcTNjYzFwcjIgcBIQEhAnkTE885sognAhtWI/62/sn+GgE+AYtbVwLbuacB/Hb7sQWwAAABABEAAAQkBE4AEQBHsgISExESOQCwAEVYsAYvG7EGFD5ZsABFWLAQLxuxEBQ+WbAARViwDi8bsQ4MPlmyARAOERI5sAYQsQoBsAorWCHYG/RZMDEBFzcTNjYzMhcHJyIGBwMhASEB4hQTXTCmgUEmGDImPA3q/uz+pAEuAZ1qagFjoa0S5QQ8LP0NBDoAAgBa/3kFMgYnABQAJwBXsgYoKRESObAGELAh0ACwAEVYsA4vG7EOGD5ZsABFWLAHLxuxBww+WbAE0LAOELAR0LAOELEbAbAKK1gh2Bv0WbAY0LAHELEhAbAKK1gh2Bv0WbAk0DAxARQCBgcVIzUmABE1EAA3NTMVFgARJTQmJxUjNQYRFRQWFzUzFTY2NQUygO6gxO7+6AEW7sPyAR/+0XVtw9RuaMRscwK3w/7NuRZ5eyMBfAEpOwElAXsla2kh/oX+zwjA5SFmYkz+gTm65SVdYSLnvwAAAgBC/4UEQwSzABMAIwBasg0kJRESObANELAU0ACwAEVYsAMvG7EDFD5ZsABFWLAQLxuxEAw+WbADELAG0LAQELAN0LEUAbAKK1gh2Bv0WbADELEdAbAKK1gh2Bv0WbAa0LAUELAh0DAxEzQSNzUzFRYSFRUUAgcVIzUmAjUBNjU1NCYnFSM1BhEUFzUzQufIp8Tn6cimxuQCUJBHQ6eOiaYCJ98BKBtqaxv+2+cP4v7aGWxtGwEl5v7LOf0OdJsdYWM4/vXyO24AAAMAd//rBwIHJQAqAD4ARwCpsjBISRESObAwELAJ0LAwELBG0ACwAEVYsBIvG7ESGD5ZsABFWLALLxuxCww+WbASELAA0LALELAH0LASELETAbAKK1gh2Bv0WbALELEaAbAKK1gh2Bv0WbIeCxIREjmwI9CwExCwKtCwEhCwNtCwNi+wLNCwLC+xKwqwCitYIdgb9FmwLBCwMtCwMi+xOQqwCitYIdgb9FmwNhCwQtCwQi+wR9CwRy8wMQEyABURFAAjIicGIyIANRE0ADMVIgYVERQWMzI2NREhERQWMzI2NRE0JiMTFSMiLgIjIhUVIzU0MzIeAhcBNjc1MxUUBgcFEuMBDf715d15edzl/vUBDeNZampZXGsBHWtcWGtrWG8UUorJLBZmheg5bHl6Sv3YQQOpYDsFsP726f4b4/72l5cBCuUB5+UBCvN5g/4Xg3l1gAFe/qKAdXmDAemDeQHwhiJNCWkPItwlLyMB/otSPGhnMXgfAAADAGz/6wYGBdMAKQA8AEUAsLIJRkcREjmwCRCwMNCwCRCwRNAAsABFWLASLxuxEhQ+WbAARViwCy8bsQsMPlmwEhCwANCwCxCwB9CyCQsSERI5sBIQsRMBsAorWCHYG/RZsAsQsRoBsAorWCHYG/RZsh0LEhESObAi0LATELAp0LASELA10LA1L7Ar0LArL7EqCrAKK1gh2Bv0WbArELAx0LAxL7E5CrAKK1gh2Bv0WbA1ELBA0LBAL7BF0LBFLzAxATIWFxUUBiMiJwYjIiYnNTQ2MxUiBhUVFBYzMjU1IRUUFjMyNjU1NCYjExUjIiYnJiMiFRUjNTQ2MzIEFwE2NzUzFRQGBwQ70vgB6cW7ZGa5xeYD+NNNXE0/lQEUUUQ/TV1MzBhYmJczKmiFfG1TARt2/d5BA6lgOwRL9tfE1/iUlPTRzNf46W93wnhu8JqgenBueMJ3bwH5hik7FGgQJXBpdwH+kVI8aGcxeB8AAAIAd//rBxMHHAAcACQAebIGJSYREjmwBhCwIdAAsABFWLANLxuxDRg+WbAARViwCC8bsQgMPlmwBNCwDRCwFNCwFC+yBggUERI5sAgQsRABsAorWCHYG/RZsBjQsBQQsBzQsBwvsBQQsCPQsCMvsCTQsCQvsR4KsAorWCHYG/RZsCQQsCHQMDEBERQAIyInBiMiADURIREQMzI2NREhERQzMjY1ESU1IRchFSM1BxP+9ufleHjm5f71AS3DXGsBLsZbafwnA3QC/pa1BbD8I+H++aKiAQbjA9z8LP8AdYAD3/wq/nWAA9/nhYV/fwACAGT/6wZABbEAGwAjAIiyByQlERI5sAcQsCLQALAARViwAC8bsQAUPlmwAEVYsA0vG7ENFD5ZsABFWLAULxuxFBQ+WbAARViwBC8bsQQMPlmwAEVYsAkvG7EJDD5ZsgcUBBESObERAbAKK1gh2Bv0WbAY0LAUELAi0LAiL7Aj0LAjL7EdCrAKK1gh2Bv0WbAjELAg0DAxAREGBgcjIicGIyImJxEhERYzMjcRIREWMzI3ESU1IRchFSM1BkAC68oCyWpuzcfrAwEiBI+pAwEiBZuTBPyaAzgG/q+0BDr9ftf1AZCQ9NUChv123OAChv1z2dsCi/GGhn9/AAABAFn+lwSrBcUAGQBLshgaGxESOQCwAC+wAEVYsAovG7EKGD5ZsABFWLACLxuxAgw+WbAKELAO0LAKELERAbAKK1gh2Bv0WbACELEZAbAKK1gh2Bv0WTAxASERJgI1ETQSJDMgABUhNCYjIgYVERQWFzMDTv7U0veLAQKlAQUBG/7UcoJ6jIt5xf6XAVwiAT7zASavAROX/vz3iX++rP7apMEBAAEAVv6TBAQETgAXAEKyCRgZERI5ALAARViwCS8bsQkUPlmwAEVYsAIvG7ECDD5ZsAkQsRABsAorWCHYG/RZsAIQsRYBsAorWCHYG/RZMDEBIREmAjU1NAAzMhYVITQmIyIGBxUQMzMDBf7fuNYBDuXJ8v7wXk1kbQHXt/6TAWEeASLhFfgBLOfAU2qcmx/+xgAAAQBrAAAEkQU+ABMAEwCwDi+wAEVYsAQvG7EEDD5ZMDEBBQclAyMTJTcFEyU3BRMzAwUHJQJZASFI/t21r+H+30cBJcr+3kkBI7ms5AElTP7gAcGsgKr+wQGOq4CrAWirgqsBRv5rq3+qAAH8cwSi/0YF/QAHABIAsAAvsQMKsAorWCHYG/RZMDEBFSc3IScXFf0ksQECIgGxBSB+Ae5sAdwAAfx4BRf/cgYVABIAMACwDS+wB9CwBy+xAAqwCitYIdgb9FmwDRCwBNCwBC+wDRCxDgqwCitYIdgb9FkwMQEyFRUjNTQjIgcHBgcjNTI+Av6E7ohqKzJtmXwpW3LPSgYV3CIQaBMpOgKGGk4QAAAB/ZYFGv6NBmsABQAMALABL7AF0LAFLzAxATUzBxcH/Za9ATtSBdyPoWxEAAH9pwUa/p4GawAFAAwAsAMvsADQsAAvMDEBJzcnMxX9+VI7Ab0FGkRsoY8ACPow/sQBywWvAAwAGgAnADUAQgBPAFwAagB/ALBFL7BTL7BgL7A4L7AARViwAi8bsQIYPlmxCQSwCitYIdgb9FmwRRCwENCwRRCxTASwCitYIdgb9FmwF9CwUxCwHtCwUxCxWgSwCitYIdgb9FmwJdCwYBCwK9CwYBCxZwSwCitYIdgb9FmwMtCwOBCxPwSwCitYIdgb9FkwMQE0NjIWFSM0JiMiBhUBNDYzMhYVIzQmIyIGFRM0NjMyFhUjNCYiBhUBNDYzMhYVIzQmIyIGFQE0NjIWFSM0JiMiBhUBNDYyFhUjNCYjIgYVATQ2MzIWFSM0JiIGFRM0NjMyFhUjNCYjIgYV/R1zvnRwMzAuMwHedF1fdXE1LiwzSHVdX3RwNVwz/st0XV90cDUuLTP9T3O+dHAzMC4z/U10vnRwMzAuM/7edV1fdHA1XDM1dV1fdXE1Li0zBPNUaGhULjc1MP7rVGhnVTE0NTD+CVVnaFQxNDcu/flUaGhUMTQ3Lv7kVGhoVC43Ny4FGlRoaFQuNzUw/glVZ2hUMTQ3Lv35VWdnVTE0NTAAAAj6cP5jAa8FxgAEAAkADgATABgAHQAiACcAOQCwIS+wEi+wCy+wGy+wJi+wAEVYsAcvG7EHGD5ZsABFWLAWLxuxFhY+WbAARViwAi8bsQIOPlkwMQUXAyMTAycTMwMBNwUVJQUHJTUFATclFwUBBwUnJQMnAzcTARcTBwP+cwt6YEY6DHpgRgIdDQFN/qb7dQ3+swFaA5wCAUBE/tv88wL+wEUBJisRlEHGA2AQlULEPA7+rQFhBKIOAVL+oP4RDHxiRzsMfGJHAa4QmUTI/I4RmUXIAuQCAUZF/tX84wL+u0cBKwD//wB4/mcF9wcvACYA3AAAACcAoQEHATkBBwAQBHf/1AATALAARViwCC8bsQgYPlmwDdwwMQD//wBv/mcE/QXxACYA8AAAACcAoQCH//sBBwAQA33/1AATALAARViwCC8bsQgUPlmwDdwwMQAAAv/lAAAEQwZPABEAGgB3shQbHBESObAUELAD0ACwAEVYsAwvG7EMGD5ZsABFWLAQLxuxEBg+WbAARViwCC8bsQgMPlmwEBCxAAewCitYIdgb9FmyAgwIERI5sAIvsAAQsArQsAvQsAIQsRIBsAorWCHYG/RZsAgQsRMBsAorWCHYG/RZMDEBIREzFhYQBgchESM1MzUhFSEBETMyNjU0JicCpP8A09T49tH+Bp2dASIBAP8AzVdbV1QE+f4dAtb+ntkDBPm3n5/8fv65WE1IWAIAAgCCAAAE3QWwAA8AHABPshsdHhESObAbELAE0ACwAEVYsAMvG7EDGD5ZsABFWLABLxuxAQw+WbIXAwEREjmwFy+xAAGwCitYIdgb9FmwAxCxFQGwCitYIdgb9FkwMQERIREhMhYWFRQHFwcnBiMTNjU0JichESEyNyc3Aa7+1AI4pPmGinZmhHuq2hp+b/7tAQxCLntmAgH9/wWweN2NznyEW5Q4AVouQ2uEAv43EItbAAIAb/5gBD0ETgATACIAcLIcIyQREjmwHBCwENAAsABFWLAQLxuxEBQ+WbAARViwDS8bsQ0UPlmwAEVYsAovG7EKDj5ZsABFWLAHLxuxBww+WbIJEAcREjmyDhAHERI5sBAQsRcBsAorWCHYG/RZsAcQsRwBsAorWCHYG/RZMDEBEAcXBycGIyInESERIRc2MzISESU0JiMiBxEWMzI3JzcXNgQ9d2VpYldwpGX+3wEMCmmpyN7+32tmiDM1iDsqcGhZGQIT/v+XeFh1NHL+AgXaan7+2P78BpekaP5FaxyHWWxJAAEAfwAABEUHJQAJADOyAwoLERI5ALAARViwBi8bsQYYPlmwAEVYsAQvG7EEDD5ZsAYQsQMBsAorWCHYG/RZMDEBIxUhESERIREhBEUM/XP+0wKlASEExwr7QwWwAXUAAAEAbAAAA3UFdQAHACwAsABFWLAELxuxBBQ+WbAARViwAi8bsQIMPlmwBBCxAAGwCitYIdgb9FkwMQEhESERIREhA3X+GP7fAegBIQNQ/LAEOgE7AAEAhP6sBLQFsAAWAF6yAxcYERI5ALALL7AARViwFS8bsRUYPlmwAEVYsBMvG7ETDD5ZsBUQsQABsAorWCHYG/RZsgMVExESObADL7ALELEMAbAKK1gh2Bv0WbADELERAbAKK1gh2Bv0WTAxASERMyAAERQGBwYjJzI2NRIhIxEhESEEPf1zpAEjAT1HSZD/AX6BAv7Apf7UA7kEvf6H/s3+6H7hUJ7dsq8Bbv2oBbAAAQBs/uID9wQ6ABUATLIKFhcREjkAsAkvsABFWLAULxuxFBQ+WbAARViwEi8bsRIMPlmwFBCxAAGwCitYIdgb9FmyAxQSERI5sAMvsRABsAorWCHYG/RZMDEBIRUzIAAVFgIHJzY2NzQmIyMRIREhA03+QC8BDgErAs6oeGFpAZR/NP7fAuEDULf+/+aT/vs4wSyAY359/lMEOgD//wAR/psIfQWwACYA2gAAAAcCUQcCAAD//wAn/psHLgQ6ACYA7gAAAAcCUQWzAAD//wCE/psFsQWwACYCLAAAAAcCUQQ2AAD//wCC/psE+AQ6ACYA8QAAAAcCUQN9AAAAAQCAAAAFZwWwABQAXQCwAEVYsAAvG7EAGD5ZsABFWLAMLxuxDBg+WbAARViwAi8bsQIMPlmwAEVYsAovG7EKDD5Zsg8KDBESObAPL7EIAbAKK1gh2Bv0WbIBCA8REjmwBdCwDxCwEtAwMQkCIQEjFSM1IxEhESERMxEzETMTBT/+hAGk/oD+9TanUf7SAS5RpyX/BbD9ZvzqAk/k5P2xBbD9swEC/v4CTQABAIIAAATRBDoAFABhALAARViwDS8bsQ0UPlmwAEVYsBQvG7EUFD5ZsABFWLAKLxuxCgw+WbAARViwAy8bsQMMPlmwChCwDtCwDi+y3w4BXbEJAbAKK1gh2Bv0WbIBCQ4REjmwBdCwDhCwEtAwMQkCIQMjFSM1IxEhESERMzUzFTMTBMD+2wE2/o6mL5hP/t8BIU+YLZwEOv3+/cgBj6qq/nEEOv5pvr4BlwAAAQAlAAAGtgWwAA4AYwCwAEVYsAYvG7EGGD5ZsABFWLAKLxuxChg+WbAARViwAi8bsQIMPlmwAEVYsA0vG7ENDD5ZsggGAhESObAIL7EBAbAKK1gh2Bv0WbAGELEEAbAKK1gh2Bv0WbIMAQgREjkwMQEjESERITUhETMBIQEBIQPYrP7T/iYDB4kBZAFu/j8B8P6ZAlP9rQTG6v25Akf9T/0BAAABADoAAAXHBDoADgBnALAARViwBi8bsQYUPlmwAEVYsAovG7EKFD5ZsABFWLACLxuxAgw+WbAARViwDS8bsQ0MPlmwAhCwCdCwCS+y3wkBXbEAAbAKK1gh2Bv0WbAGELEEAbAKK1gh2Bv0WbIMAAkREjkwMQEjESERITUhETMTIQEBIQNac/7f/nQCrWbtAW3+ngGC/n8Bj/5xA0/r/mkBl/39/cn//wCC/psF/gWwACYALAAAAAcCUQSDAAD//wBv/psE9gQ6ACYA9AAAAAcCUQN7AAAAAQCCAAAHkgWwAA0AXwCwAEVYsAIvG7ECGD5ZsABFWLAMLxuxDBg+WbAARViwBi8bsQYMPlmwAEVYsAovG7EKDD5ZsgEGAhESObABL7ACELEEAbAKK1gh2Bv0WbABELEIAbAKK1gh2Bv0WTAxASERIRUhESERIREhESEBrgJJA5v9kf7U/bf+1AEsA2ICTur7OgJw/ZAFsAABAGwAAAVpBDoADQBmALAARViwAi8bsQIUPlmwAEVYsAwvG7EMFD5ZsABFWLAGLxuxBgw+WbAARViwCi8bsQoMPlmyAQYCERI5fLABLxiyQAEBXbACELEEAbAKK1gh2Bv0WbABELEIAbAKK1gh2Bv0WTAxASERIRUhESERIREhESEBjQFnAnX+rf7e/pn+3wEhAogBsur8sAGg/mAEOgAAAQCE/qoIEwWwABgAa7ISGRoREjkAsAkvsABFWLAXLxuxFxg+WbAARViwES8bsREMPlmwAEVYsBUvG7EVDD5ZsgEXERESObABL7AJELEKAbAKK1gh2Bv0WbABELEPAbAKK1gh2Bv0WbAXELETAbAKK1gh2Bv0WTAxATMgABEUBgcGIycyNjUSISMRIREhESERIQUkjwEjAT1HSZD/AX6BAv7AkP7T/bn+1ASgA0L+zf7ofuFQnt2yrwFu/aoEvftDBbAAAAEAbP7qBr4EOgAXAFmyERgZERI5ALAHL7AARViwFi8bsRYUPlmwAEVYsBAvG7EQDD5ZsABFWLAULxuxFAw+WbIBFhAREjmwAS+xDgGwCitYIdgb9FmwFhCxEgGwCitYIdgb9FkwMQEzIAQVFgIHJzY2NTQmJyMRIREhESERIQQZVQEVATkCzKp4YWqXiWL+3v6W/t8DrQKh/+mT/v05wSuAY3iCAv5LA1D8sAQ6AAIAXv/rBg4FxQAmADIAiLIEMzQREjmwBBCwJ9AAsABFWLANLxuxDRg+WbAARViwHS8bsR0YPlmwAEVYsAQvG7EEDD5ZsABFWLAALxuxAAw+WbICBB0REjmwAi+wDRCxDgGwCitYIdgb9FmwBBCxFQGwCitYIdgb9FmwABCxJgGwCitYIdgb9FmyKgIdERI5sA4QsDDQMDEFIicGIyIkAjU1NBI2MxUiBgcVFBYzNyYRNTQ2NjMyFhIVFRAHFjMBFBYXNjU1NCYjIgMGDt65nMHJ/sG0hPCWXW4B0qw8zW/De4bTdaZSXv2XWFWETFSMBQ1ETK4BOsDUqgEXnf3DmNrC6wPJAS++nP6Llv7srKj+68cQAgFzwUWG5sKmkv7yAAIAVf/mBPIETgAiAC4AiLIELzAREjmwBBCwI9AAsABFWLAMLxuxDBQ+WbAARViwGi8bsRoUPlmwAEVYsAAvG7EADD5ZsABFWLAELxuxBAw+WbICBBoREjmwAi+wDBCxDQGwCitYIdgb9FmwBBCxFAGwCitYIdgb9FmwABCxIgKwCitYIdgb9FmyJQIaERI5sA0QsCvQMDEFIicGIyIANTU0NjYzFQYGFRUUFhcmNTU0NjMyEhUVFAcWMwEUFzY1NTQmIyIGFQTyx5V7jvr+wm/DejpCjHJgv5edx4dIVP4HW2g4KSo4GjUwATj2Wofdd/EIfGRkhqoEgbaatOv++8+NyIsOAXqJYVGVkVxvZFf//wAW/psFRQWwACYAPAAAAAcCUQPKAAD//wAV/psEQAQ6ACYAXAAAAAcCUQLFAAAAAQAi/qEG1gWwAA8AXrIDEBEREjkAsA0vsABFWLACLxuxAhg+WbAARViwCC8bsQgYPlmwAEVYsA4vG7EODD5ZsAIQsQABsAorWCHYG/RZsATQsAXQsA4QsQYBsAorWCHYG/RZsArQsAvQMDEBITUhFSERIREhETMDIREhAW7+tAPB/rgCRwEtxxT+6PvEBMbq6vwrBL/7Qf2wAV8AAQAt/r8FWAQ6AA8ATQCwDS+wAEVYsAMvG7EDFD5ZsABFWLAPLxuxDww+WbADELEEAbAKK1gh2Bv0WbAA0LAPELEGAbAKK1gh2Bv0WbADELAI0LAGELAK0DAxASM1IRUjESERIREzAyERIQEJ3ALDxgFqASKiFP7z/NIDUOrq/ZkDUfyt/dgBQQD//wCJ/psF4wWwACYA4QAAAAcCUQRoAAD//wBY/psE3AQ6ACYA+QAAAAcCUQNhAAAAAQBuAAAE8AWwABcAULIEGBkREjkAsABFWLAALxuxABg+WbAARViwCi8bsQoYPlmwAEVYsAwvG7EMDD5ZsgcADBESObAHL7AE0LAHELEQAbAKK1gh2Bv0WbAT0DAxAREUFhcRMxE2NxEhESERBgcVIzUmJicRAZpda6ZnVQEs/tRGdqb5+QIFsP49cnALASL+3wkQApb6UAIoDwro5g/02AHIAAABAGgAAAQQBDoAFgBQsgYXGBESOQCwAEVYsAsvG7ELFD5ZsABFWLAVLxuxFRQ+WbAARViwAC8bsQAMPlmyDxUAERI5sA8vsQcBsAorWCHYG/RZsATQsA8QsBLQMDEhIREGBxUjNSYmJxEhERYXETMRNjcRIQQQ/t4mNqa9wwQBIQRfpi4uASIBVAgFlZkVyK4BZP6bgBsBAv70BAoB/AAAAQCGAAAFCQWwABIAR7IGExQREjkAsABFWLABLxuxARg+WbAARViwAC8bsQAMPlmwAEVYsAovG7EKDD5ZsgYBABESObAGL7EPAbAKK1gh2Bv0WTAxMxEhETY2MyAEFxEhESYmIyIHEYYBLS+tQgEVAR8E/tMBd5ORjQWw/dcKE/Ll/jMBx31uHv1sAAAC/+X/6QWwBcQAHAAkAGeyFiUmERI5sBYQsB7QALAARViwDi8bsQ4YPlmwAEVYsAAvG7EADD5ZsiEOABESObAhL7ESAbAKK1gh2Bv0WbAE0LAhELAK0LAAELEXAbAKK1gh2Bv0WbAOELEdAbAKK1gh2Bv0WTAxBSAAETUmJjUzFBc2EiQXIAARFSEVFBYzMjcXBgYDIgYHITU0JgO//sb+oJmnx3kBmgEVpQEMASr8ob2xx6cxROO9h6ACAjOIFwFSASsmGuC0pi6qARaeAf6Y/rOaFbW7PvciKwTSu5ofl58AAv+8/+wEsgROABkAIQB/shsiIxESObAbELAT0ACwAEVYsAwvG7EMFD5ZsABFWLAALxuxAAw+WbIeDAAREjmwHi+0Hx4vHgJxso8eAV2yXx4BcbEQCLAKK1gh2Bv0WbAD0LAeELAJ0LAAELEUAbAKK1gh2Bv0WbIWDAAREjmwDBCxGgGwCitYIdgb9FkwMQUiACcmJjUzFBc2JDMyEhEVIRYWMzI3FwYGAyIGByE1JiYC9uf+3A2OlLV1HwEKx9/9/VAOjGynXo5B3alVaw8BkQJkFAEP1h7Qn50uy/D+5/8AdmqAeZ9cZwN4dGwXYGkAAQCA/qMFDgWwABYAYLINFxgREjkAsAcvsABFWLARLxuxERg+WbAARViwFS8bsRUYPlmwAEVYsA8vG7EPDD5ZshQRDxESObAUL7EOAbAKK1gh2Bv0WbIAFA4REjmwBxCxCAGwCitYIdgb9FkwMQEWEhUUAgYjJzI2NRIhIxEhESERMwEhAzfi9Yv1qAF7gQL+x/z+0gEuYwFmAXQDOCL+1fa0/uyK5q2uAWr9sgWw/bcCSQAAAQCC/tIEYwQ6ABUAUrIHFhcREjkAsAYvsABFWLAQLxuxEBQ+WbAARViwFC8bsRQUPlmwAEVYsA4vG7EODD5ZsBPQsBMvst8TAV2xDAGwCitYIdgb9FmyABMMERI5MDEBFhYVFgIHJzY2NzQhIxEhESERMxMhAw2kqQLMqnhiaAH+0Gb+3wEhV/wBbQJZMuOokP7/OcErfWHz/nEEOv5pAZf//wAo/mcF/wWwACYA3QAAAAcAEAR//9T//wAW/mcE/gQ6ACYA8gAAAAcAEAN+/9QAAQCE/ksFJAWwABQAkbIKFRYREjkAsABFWLAALxuxABg+WbAARViwAy8bsQMYPlmwAEVYsAgvG7EIDj5ZsABFWLAKLxuxCg4+WbAARViwEi8bsRIMPlmyAgASERI5fLACLxi0oAKwAgJdtEACUAICcbQwAkACAl20AAIQAgJdsAgQsQ0BsAorWCHYG/RZsAIQsRABsAorWCHYG/RZMDEBESERIREUBiMiJzcWMzI1ESERIREBsAJHAS3Otk9EDi42eP25/tQFsP2VAmv6OMjVEe4MrQJo/a0FsAABAGz+SwQWBDoAFABtsgwVFhESOQCwAEVYsAAvG7EAFD5ZsABFWLADLxuxAxQ+WbAARViwCC8bsQgOPlmwAEVYsBIvG7ESDD5ZsgISAxESOXywAi8YskACAV2wCBCxDQGwCitYIdgb9FmwAhCxEAGwCitYIdgb9FkwMQERIREhEQYGIyInNxYzMjURIREhEQGNAWcBIgHHtE9BDys4eP6Z/t8EOv5OAbL7osDREeUMrwG8/mAEOgD//wCC/mcGAwWwACYALAAAAAcAEASD/9T//wBv/mcE+wQ6ACYA9AAAAAcAEAN7/9T//wCC/mcHWQWwACYAMQAAAAcAEAXZ/9T//wCC/mcGaAQ6ACYA8wAAAAcAEATo/9QAAgBL/+sFLgXEABUAHQBhsggeHxESObAIELAW0ACwAEVYsAAvG7EAGD5ZsABFWLAILxuxCAw+WbINAAgREjmwDS+wABCxEAGwCitYIdgb9FmwCBCxFgGwCitYIdgb9FmwDRCxGQGwCitYIdgb9FkwMQEgABEVFAIEJyAAETUhJiYjIgcnNjYTMjY3IRUUFgJsAUwBdqL+367+1/63A7YHzsDMtzFP7MqFqhL9eagFxP6U/r6Lv/7LrAEBZgFNm7zHP/clKvsttKEfmJ4AAQBQ/+sEZQWwABsAarILHB0REjkAsABFWLACLxuxAhg+WbAARViwCy8bsQsMPlmwAhCxAAGwCitYIdgb9FmwBNCyBQILERI5sAUvsAsQsBDQsAsQsRMBsAorWCHYG/RZsAUQsRkBsAorWCHYG/RZsAUQsBvQMDEBITUhFwEWFhUUBCMiJiY1IRQWMzI2NTQmIyM1AvD9nwO5Af6buMn+3vaR64EBLHdaaoKFkYUEvfPI/n0h68HD6mi/glJmalaJhbwAAAEAUv51BF8EOgAbAFmyCxwdERI5ALALL7AARViwAi8bsQIUPlmxAAGwCitYIdgb9FmyBAIAERI5shsLAhESObAbL7EZB7AKK1gh2Bv0WbIFGxkREjmwCxCxEwGwCitYIdgb9FkwMQEhNSEXARYWFRQEIyImJjUhFBYzMjY1NCYjIzUC7v2bA7cB/pq6yv7g85DqgAEie11shoeRiQNQ6r/+ciDqwsPpaL6CVGpuWIuFuP//ACX+SwSVBbAAJgCxWAAAJgImmBEBBwJUAWgAAAAIALLPCQFdMDH//wAW/kUDoQQ6ACYA7FEAACcCJv+J/2EBBwJUASP/+gAXALK/CAFdss8JAV2yUAkBXbJwCQFdMDEA//8AFv5LBYoFsAAmADwAAAAHAlQD4QAA//8AFf5LBIUEOgAmAFwAAAAHAlQC3AAAAAIASQAABI8FsAAMABUAUrIEFhcREjmwBBCwD9AAsABFWLABLxuxARg+WbAARViwAy8bsQMMPlmyAAEDERI5sAAvsAMQsQ0BsAorWCHYG/RZsAAQsQ4BsAorWCHYG/RZMDEBESERISImJjU0NjYzExEjIgYVFBYXA2IBLf3jpPyJh/6i8vBziIRxA8AB8PpQedyMitt6/TEB3INnaYcCAAACAHQAAAbpBbAAGQAiAFWyCCMkERI5sAgQsBrQALAARViwCS8bsQkYPlmwAEVYsAAvG7EADD5ZsggJABESObAIL7AAELEaAbAKK1gh2Bv0WbAL0LAIELEbAbAKK1gh2Bv0WTAxISImJjU0ADMzESERMzY2NycmJyEWFgcGAgclESMiBhUUFhcCm6T7iAEx+u0BLUNVZAYCDiwBJRsqAgT73P6A8XKIhHB5243YAQcB8PtCAol9Tdp0Uf9L5v7xBfEB3INnaYcCAAIAWv/nBoYGGAAfACoAf7IZKywREjmwGRCwKdAAsABFWLADLxuxAxQ+WbAARViwBi8bsQYaPlmwAEVYsBgvG7EYDD5ZsABFWLAcLxuxHAw+WbIFAxgREjmwGBCxCwGwCitYIdgb9FmyGgMYERI5sAMQsSIBsAorWCHYG/RZsBwQsScBsAorWCHYG/RZMDETEBIzMhcRIREUFjM2Njc2JyEWFgcOAiMEJwYjIgI1ASYjIgYVEDMyNyda4sWVYAEhRDVlagQEQQEbHCkCAn7kkP72XmnAw+ICnD1vZGvNeD0HAhUBBgEzdQI/+2FNVgKnkrvYZsdmqPiGBLq2ASH6AQlUrLf+1VhKAAEAQf/jBfEFsAAoAGayCykqERI5ALAARViwCS8bsQkYPlmwAEVYsCIvG7EiDD5ZsgEpCRESObABL7EAAbAKK1gh2Bv0WbAJELEHAbAKK1gh2Bv0WbIPAQAREjmwIhCxFQGwCitYIdgb9FmyGiIJERI5MDETNTM2NjU0IyE1IQQEFRQFBBcVBhYzNjY3NichFhYHDgIjBAM1NCYjy8GEevX+rAFhAQIBEv7kAREHASolXWEFBEEBJhorAgKC6JT+qRNqYgJS9gFiZ6j2AtTK7WE79lEpOAKjjbvYYspnqfiFCAFdP190AAABAC3/4gUTBDoAJgBjsiAnKBESOQCwAEVYsB0vG7EdFD5ZsABFWLAOLxuxDgw+WbECAbAKK1gh2Bv0WbIHDh0REjmyFycdERI5sBcvsRQBsAorWCHYG/RZsB0QsRsBsAorWCHYG/RZsiQXFBESOTAxAQYzNjY3NichFhYHBgYjBiYnNTQjIyczNjU0IyMnIRYXFhUUBxYXAxYCRkZNAwRAARotGAEE6by1tgpz/QK+lqT/BgEZzHNzpL0FAQJfAod3maaGgDnM8gNxg0ho3AJtf+oDU1SZmkotqwAAAQBB/pgEeAWwACEAYrIDIiMREjkAsBcvsABFWLAJLxuxCRg+WbAARViwGy8bsRsMPlmyASIJERI5sAEvsQABsAorWCHYG/RZsAkQsQcBsAorWCHYG/RZsg8AARESObAbELESAbAKK1gh2Bv0WTAxEyczNjU0JiMhJyEWBBUUBxYRFTMHBgYHJzc2NyMmJzU0I4IB/uh/cf7QBgFF8wEO6fPnAQFuVpcsNQbTPATpAkHpBcJnbuoE48neZ0f+7WbIb+JKT1JnYDG9aukAAQBt/osEVAQ6ACEAYrIEIiMREjkAsBcvsABFWLAKLxuxChQ+WbAARViwGy8bsRsMPlmyASIKERI5sAEvsQABsAorWCHYG/RZsAoQsQgBsAorWCHYG/RZshAAARESObAbELESAbAKK1gh2Bv0WTAxEyczMjY1NCYnISchMgQVFAcWFzMHBgYHJzc2NyMmJzUmJ6QB/FhZXVH+0wgBLtgBAJ+oBNQBAW5Wlyo6BOQbAQOuAYDKRDk8TgHou6GdVkC9yG/iSk9Mb2sYgVGTAwABAED/6weIBbAAIgBlsgAjJBESOQCwAEVYsA0vG7ENGD5ZsABFWLAGLxuxBgw+WbAARViwHy8bsR8MPlmwDRCxAAGwCitYIdgb9FmwBhCxCAGwCitYIdgb9FmwHxCxEgGwCitYIdgb9FmyFx8NERI5MDEBIQMCAgYHIzU3NjYTEyERFBYzMjY3NichFhYHDgIjIiY1A/D+mRkOZb+mWDJwYA4aA7I/NVtqBARBAScaKwICf+WQzdMEuv4E/v7+1I0D8QUP5AEaAq37zUdXn5O72GLKZ6f4h8nGAAEAP//rBnIEOgAhAGWyICIjERI5ALAARViwDC8bsQwUPlmwAEVYsB4vG7EeDD5ZsABFWLAGLxuxBgw+WbAMELEAAbAKK1gh2Bv0WbAGELEHAbAKK1gh2Bv0WbAeELERAbAKK1gh2Bv0WbIWHgwREjkwMQEjAwIGByMnNzY2NxMhERQWMzY2NzYnIRcWBw4CIyImJwMA2xIRsK5iAyROSAkUAwtKPk5UAgRAARoXMAMCcs+D0tYBA03+tf719APrAwaszwHL/T9JWgGSf7XIU7F5m+R+yMAAAAEAgf/jB4oFsAAcAH6yEx0eERI5ALAARViwAC8bsQAYPlmwAEVYsBgvG7EYGD5ZsABFWLAWLxuxFgw+WbAARViwES8bsREMPlmxBAGwCitYIdgb9FmyCREAERI5shsAFhESOXywGy8YtKAbsBsCXbQAGxAbAl20MBtAGwJdsRQBsAorWCHYG/RZMDEBERQWMzY2NzYnIRYWBw4CIwQDNSERIREhESERBR4/M2FmBARBASYbKwICgOWR/ngX/b3+0wEtAkMFsPvNSlQCo4272GLKZ6f4hwgBmNj9rQWw/ZUCawABAF3/5wZjBDoAHQB/shweHxESOQCwAEVYsAQvG7EEFD5ZsABFWLAILxuxCBQ+WbAARViwAi8bsQIMPlmwAEVYsBovG7EaDD5ZsgcIAhESOXywBy8YskAHAV20kAegBwJdtAAHEAcCXbQwB0AHAnGxAAGwCitYIdgb9FmwGhCxDQGwCitYIdgb9FkwMQEhESERIREhESERFBYzNjY3NichFxYHDgIjBiYnAvH+jv7eASIBcgEhSj5OVAMEQAEZFzADAnLPg8jVDAGq/lYEOv5bAaX9P0tYApF/r85TsXmb5H4Ew80AAAEARv/rBNUFxQAgAEKyACEiERI5ALAARViwCS8bsQkYPlmwAEVYsAAvG7EADD5ZsAkQsQ4BsAorWCHYG/RZsAAQsRUBsAorWCHYG/RZMDEFIiQCJxE0EiQzMhcHJiMiBhURFBYzNjY3NichFxYHBgQCvLT+4KEBnwEitd+IPoihkbi3knF3AwM1ASUnFAIE/tsVnQEZrwELrwEcn1nhRNGo/v+j0wJzZpLGqFhY1vkAAQBG/+sEBgROAB4ARrITHyAREjkAsABFWLATLxuxExQ+WbAARViwCy8bsQsMPlmxAAGwCitYIdgb9FmyBQsTERI5sBMQsRgBsAorWCHYG/RZMDElNjY3NCchFgcGBiMiADU1NDY2MzIXByYjIgYVFRQWAmNEOgITARocAQTgvvD+04LumbpgLmOJaX6I1gI3O3BfhEuotwEw+R6Y+IxC5DqrjSKHqwAAAQAf/+cFZAWwABkASLIFGhsREjkAsABFWLACLxuxAhg+WbAARViwFi8bsRYMPlmwAhCxAAGwCitYIdgb9FmwBNCwBdCwFhCxCQGwCitYIdgb9FkwMQEhNSEVIREUFjM2Njc2JyEWFgcOAiMGJicBzf5SBID+Wj80YWYDBEABJRwpAgJ/5ZDF0AoEuvb2/MFIVAKjjbfcZsdmp/mGBMjMAAEAQv/nBNsEOgAYAE+yFhkaERI5ALAARViwAi8bsQIUPlmwAEVYsBUvG7EVDD5ZsAIQsQABsAorWCHYG/RZsATQsAXQsBUQsQkBsAorWCHYG/RZsg4VAhESOTAxASE1IRUhERQWMzY2NzYnIRYWBwYGIwYmJwFq/tgDi/6+Sj1OVQMEQAEaKxoBBPvJydMMA1Dq6v4nSVgCbmOMlXN6NMzyBMTMAAABAGr/6wT5BcUAKQB4sicqKxESOQCwAEVYsBcvG7EXGD5ZsABFWLALLxuxCww+WbEDAbAKK1gh2Bv0WbIlFwsREjl8sCUvGLQAJRAlAl20MCVAJQJdsoAlAV20oCWwJQJdsSYBsAorWCHYG/RZshEmJRESObAXELEfAbAKK1gh2Bv0WTAxARQWMzI2NSEUBgQjICQ1NDY3JiY1NCQhMhYWFSE0JiMiBhUUITMVIyIGAZanhXGaASyP/vae/u/+uYiBcoEBNQENmfqQ/tOLa4CVAQjEx4uRAZxXaWhQf8Jo6MV/qyowpmPG2mi/eExgYVLD62P//wAo/ksGPwWwACYA3QAAAAcCVASWAAD//wAW/ksFPgQ6ACYA8gAAAAcCVAOVAAAAAgBbBG8CywXXAAUADgAbALALL7AH0LAHL7AB0LABL7ALELAF0LAFLzAxARMzFQMjATMVFhcHJiY1AYlv0+Zc/tKtAUxTSl0EmwE8Ff7BAVRefDhWI4ld//8AbgH7AqEC5AAGABEAAP//AG4B+wKhAuQABgARAAD//wCYAlQEpANAAEYBr+gATM1AAP//AG0CVAXSA0AARgGvggBmZkAAAAIAAf5gA5AAAAADAAcAJwCwAEVYsAYvG7EGDD5ZsAXQsAUvsALQsAIvsgACAV2wAdCwAS8wMQEhNSE1ITUhA5D8cQOP/HEDj/5gmW6ZAAEAaAQYAaYGIgAIACGyCAkKERI5ALAARViwAC8bsQAaPlmyBQkAERI5sAUvMDEBFwYHFSM1NDYBHohWA+VpBiJPiIynll7VAAEAOgPxAXkGAAAIACGyCAkKERI5ALAARViwBC8bsQQaPlmyAAkEERI5sAAvMDETJzY3NTMVFAbCiFYD5mQD8U+HkKmbWtIAAAEAQv7PAYEA5QAIABOyCAkKERI5ALAEL7AA0LAALzAxEyc2NzUzBwYGyohOA+4BAWP+z09+lLWmWc4AAAEARwPxAYYGAAAJAAwAsAkvsAXQsAUvMDEBFRYWFwcmJjU1AS0BJTOIUmUGAKNHgVVPR9JcmgD//wBwBBgDBQYiACYBhAgAAAcBhAFfAAD//wBIA/EC4gYAACYBhQ4AAAcBhQFpAAAAAgBC/rsC2QEHAAgAEQAfsgoSExESObAKELAF3ACwBC+wDdCwCdCwCS+wANAwMRMnNjc1MwcGBgUnNjc1MwcGBtGPTgPuAQFeAQCPVgPuAQJl/rtPhp/Yx2HbSU+UktfLYNoAAAEAOQAABBcFsAALAEwAsABFWLAILxuxCBg+WbAARViwBi8bsQYUPlmwAEVYsAovG7EKFD5ZsABFWLACLxuxAgw+WbAKELEAAbAKK1gh2Bv0WbAE0LAF0DAxASERIREhNSERIREhBBf+n/7f/qQBXAEhAWEDSfy3A0nxAXb+igAAAQBi/mAEPwWwABMAfgCwAEVYsAwvG7EMGD5ZsABFWLAKLxuxChQ+WbAARViwDi8bsQ4UPlmwAEVYsAIvG7ECDj5ZsABFWLAALxuxAAw+WbAARViwBC8bsQQMPlmxBgGwCitYIdgb9FmwDhCxCAGwCitYIdgb9FmwCdCwENCwEdCwBhCwEtCwE9AwMSEhESERITUhESE1IREhESEVIREhBD/+n/7e/qYBWv6mAVoBIgFh/p8BYf5gAaDpAmfqAXb+iur9mQAAAQCHAfQCYgPkAA0AF7IKDg8REjkAsAMvsAqwCitY2BvcWTAxEzQ2MzIWFxUUBiMiJjWHhGhsgQKDammFAv5ofnxlK2d9fGv//wCF//UDpQEpACYAEgcAAAcAEgHgAAD//wCF//UFdQEpACYAEgcAACcAEgHgAAAABwASA7AAAAABAGUB3AGpAwYACwAZsgMMDRESOQCwAy+xCQawCitYIdgb9FkwMRM0NjMyFhUUBiMiJmVXS0tXV0tLVwJxQlNTQkJTUwAABgBX/+wHbAXEABUAIwAnADQAQQBPAK6yAlBRERI5sAIQsBvQsAIQsCbQsAIQsCjQsAIQsDXQsAIQsEfQALAkL7AmL7AARViwGS8bsRkYPlmwAEVYsBIvG7ESDD5ZsAPQsAMvsAfQsAcvsBIQsA7QsA4vsBkQsCDQsCAvsBIQsSsCsAorWCHYG/RZsAMQsTECsAorWCHYG/RZsCsQsDjQsDEQsD7QsCAQsUUCsAorWCHYG/RZsBkQsUwCsAorWCHYG/RZMDEBNDYzMhc2MzIWFRUUBiMiJwYjIiY1ATQ2MzIWFRUUBiMiJjUBJwEXAxQWMzI1NTQmIyIGFQUUFjMyNTU0JiMiBhUBFBYzMjY1NTQmIyIGFQMssIyTUVGSirOtjpRRUZGOsP0rqIWNsLCLhaoBf40Cx42wSDV6RDg3RAHHRjd6RDg3RPtVQzo4QkQ4OUIBZYGraWmnjEeAq2lpq4QDfIOqqYpGgqmpifwbTARyTPw4OUyHTDxJST9LNk+HTDxJST8C6TtKSj5JPEpKQAAAAQBsAH0CPgOcAAYAEACwBS+yAgcFERI5sAIvMDEBEyMBNQEzAU7wuv7oARi6Agz+cQGGEwGGAAABAFAAfAIjA5sABgAQALAAL7IDBwAREjmwAy8wMQEBFQEjEwMBCwEY/ui78PADm/56E/56AY8BkAAAAQAeAG0DcgUrAAMACQCwAC+wAi8wMTcnARerjQLHjW1MBHJMAP//ADUCmwLABbABBwIgAAACmwATALAARViwCS8bsQkYPlmwDdAwMQAAAQBXAo0DBQW6AA8AVLIKEBEREjkAsABFWLAALxuxABg+WbAARViwAy8bsQMYPlmwAEVYsA0vG7ENED5ZsABFWLAGLxuxBhA+WbIBDQMREjmwAxCxCgewCitYIdgb9FkwMRMXNjMgExEjESYjIgcRIxH/IEuTAQMF1AR8YCXVBa57h/7Y/fsByK5P/dkDIQAAAQBmAAAEiQXDACcAoLIfKCkREjkAsABFWLAXLxuxFxg+WbAARViwBi8bsQYMPlmyJxcGERI5sCcvsQACsAorWCHYG/RZsAYQsQQBsAorWCHYG/RZsAjQsAnQsAAQsAzQsCcQsA7QsCcQsBPQsBMvtg8THxMvEwNdsp8TAV2xEAKwCitYIdgb9FmwFxCxHgGwCitYIdgb9FmyGxMeERI5sBMQsCLQsBAQsCTQMDEBIRcUByEVITUzNjUnIzUzJyM1Myc0NjMyFhUhNCYjIgYVFyEVIRchA0n+8AE+Ao373VxIAqKdBJmUBPfP1PL+4VdRQ1YFASL+5QQBFwHUH3tJ8fESoTCfbp+PyurhwFVaYmCPn24ABAAlAAAGXQWwABsAHwAjACYAv7IYJygREjmwGBCwH9CwGBCwIdCwGBCwJtAAsABFWLAWLxuxFhg+WbAARViwGi8bsRoYPlmwAEVYsAgvG7EIDD5ZsABFWLAMLxuxDAw+WbIFFggREjmwBS+wAdCwAS+yDwEBXbECArAKK1gh2Bv0WbAFELEGArAKK1gh2Bv0WbAK0LAGELAO0LAFELAQ0LACELAS0LABELAU0LABELAY0LAFELAc0LACELAe0LAFELAg0LACELAi0LAGELAl0DAxATMVIxUzFSMRIQEhESERIzUzNSM1MxEhASERIQEzNSMFMycjATUjBZDNzc3N/tP+zP7t/tPKysrKAS0BHQErASz+bWfJ/oGyY08CSAYD26CioP4HAfn+BwH5oKKgAdX+KwHV/OmioqL+tQkAAgCN/+wGcQWwAB4AJwCmsiIoKRESObAiELAX0ACwAEVYsBUvG7EVGD5ZsABFWLAZLxuxGRQ+WbAARViwHS8bsR0UPlmwAEVYsAovG7EKDD5ZsABFWLATLxuxEww+WbAdELEACbAKK1gh2Bv0WbAKELEFAbAKK1gh2Bv0WbAAELAN0LAO0LIgExUREjmwIC+xEQGwCitYIdgb9FmwHRCwHNCwHC+wFRCxJgGwCitYIdgb9FkwMQEjERQWMzI3FQYjIAMRIwYEByMRIREhMgQXMxEhETMBMzI2NTQmIyMGZrgtQjEjVVn+0AZlJ/72zW3+0AGY2QEQH2ABIbj7V2hsdHVpagNm/eQ7NQfbGgEzAkeqtwH9/AWww7MBCv72/sV1a2du//8Agv/sCGIFsAAmADYAAAAHAFcEkAAAAAUAJQAABlAFsAAfACMAJwAqAC0A4LIOLi8REjmwDhCwItCwDhCwJ9CwDhCwKdCwDhCwLdAAsABFWLACLxuxAhg+WbAARViwDC8bsQwMPlmwAEVYsBAvG7EQDD5ZsggCDBESObAIL7AE0LAEL7AA0LAEELEGArAKK1gh2Bv0WbAIELEKArAKK1gh2Bv0WbIOAgwREjmwDi+wChCwEtCwCBCwFNCwBhCwFtCwBBCwGNCwAhCwGtCwBBCwHNCwAhCwHtCwCBCwINCwBhCwItCwCBCwJNCwBhCwJtCyKAIMERI5sAoQsCnQsisCDBESObAKELAs0DAxATMTIQMzFSMHMxUjAyEDIwMhAyM1MycjNTMDIRMzEyEBMzcjBTM3IwE3IwU3IwPkwyoBKzqOrhnH5on+0G4abP7Pit2+GaWGOgErKsUrAQP+NnITmAIzcBKV/iwiRAJCIUMEhgEq/taghKD9PgLC/T4CwqCEoAEq/tYBKv2yhISE/evx6ekAAgBvAAAGgwQ6AA0AGwBmALAARViwFi8bsRYUPlmwAEVYsAAvG7EAFD5ZsABFWLALLxuxCww+WbAARViwDi8bsQ4MPlmxEQGwCitYIdgb9FmyBREAERI5sAUvsAAQsQoBsAorWCHYG/RZsg8KCxESObAPLzAxATIWFxEhETQmJyERIREBESERITI2NxEhEQYEIQNaxrID/t5JZv6M/t8BrQEhAWxqTAIBIgH+wP76BDq30v67ATZaUwH8sAQ6+8YCz/4aTlcCrP1dt+AAAQBZ/+0ERAXDACIAk7IcIyQREjkAsABFWLAWLxuxFhg+WbAARViwCS8bsQkMPlmyIhYJERI5sCIvsQAHsAorWCHYG/RZsAkQsQQBsAorWCHYG/RZsAAQsAzQsCIQsA7QsCIQsBPQsBMvtg8THxMvEwNdsp8TAV2xEAewCitYIdgb9FmwFhCxGwGwCitYIdgb9FmwExCwHdCwEBCwH9AwMQEhFhYzMjcXBiMgACcjNTM1IzUzNgAhMhcHJiMgAyEVIRUhA37+sQWTm2lVJHyE/vn+zQipqamrEQE9AQZpgyReW/7lGwFN/rEBTwIEk5Qf8h0BG/yYfJj8ARcf8yD+35h8AAAEACUAAAXYBbAAGgAfACQAKQEfsgwqKxESObAMELAc0LAMELAj0LAMELAo0ACwAEVYsAsvG7ELGD5ZsABFWLABLxuxAQw+WbALELEkAbAKK1gh2Bv0WbAJ0LAJL0AdAAkQCSAJMAlACVAJYAlwCYAJkAmgCbAJwAnQCQ5dsAXQsAUvQA2QBaAFsAXABdAF4AUGXbQwBUAFAl2ycAUBcbEEArAKK1gh2Bv0WbAn0LAnL0AhACcQJyAnMCdAJ1AnYCdwJ4AnkCegJ7AnwCfQJ+An8CcQXUAXACcQJyAnMCdAJ1AnYCdwJ4AnkCegJwtxsQABsAorWCHYG/RZsAkQsQgCsAorWCHYG/RZsAkQsCDQsA/QsAgQsB3QsBLQsAUQsB7QsB4vsBTQsAQQsCbQsBfQMDEBESERIzUzNSM1MxEhMgQXMxUjFwczFSMGBCMTJyEVISUhJichASEVITIB+/7TqampqQI5uQEKO9OvAQGv0jf++8PzAv4DAf7+AgGoPlj+7gGZ/mcBDFYCAf3/AxGgPqABIZiJoCEdoIGPAd0RPt4tAf5UHQAAAQAoAAAEEAWwABkAebIRGhsREjkAsABFWLAYLxuxGBg+WbAARViwDC8bsQwMPlmwGBCxAQiwCitYIdgb9FmwGBCxFwGwCitYIdgb9FmwE9CwEy+wA9CwExCxEgiwCitYIdgb9FmwBtCwEhCwDtCwDi+xCQmwCitYIdgb9FmyDQkOERI5MDEBIxYXMwcjBgYHARUhASczMjchNyEmJyE3IQPc0S4OyTWVF8C0AbX+tf4cAe25L/4TNAGzMab+8DsDrQTpSF/GlbAj/foOAjewlcZ5AvMAAAEAJf/sBHQFsAAeAJUAsABFWLARLxuxERg+WbAARViwBS8bsQUMPlmyExEFERI5sBMvsBfQsBcvsgAXAV2yYBcBXbEYCbAKK1gh2Bv0WbAZ0LAI0LAJ0LAXELAW0LAL0LAK0LATELEUCbAKK1gh2Bv0WbAV0LAM0LAN0LATELAS0LAP0LAO0LAFELEaAbAKK1gh2Bv0WbIeBREREjmwHi8wMQEVFAIEIyInEQc1NzUHNTcRIRU3FQcVNxUHETY2NzUEdJr+47eQlru7u7sBK8TExMSZoQEC+0fU/rywFAJxPdU9eD3VPQEdu0HVQXhB1EH+DgLo5EsAAQBEAAAFMQQ6ABgAYLILGRoREjkAsABFWLAYLxuxGBQ+WbAARViwEC8bsRAMPlmwAEVYsAUvG7EFDD5ZsABFWLAKLxuxCgw+WbIWChgREjmwFi+wANCwAC+wFhCxDAGwCitYIdgb9FmwCdAwMQEWABMVITUmJicRIREGBhUVITU0EjY3NSEDS98BBQL+3wFoXP7fXGn+33XdlAEhA2Ey/pD+8bCvqdsw/Z0CZDDeramotQEkwCHYAAIAMwAABVkFsAAXAB8Ag7IZICEREjmwGRCwFNAAsABFWLAMLxuxDBg+WbAARViwAy8bsQMMPlmwBtCwBi+xBQGwCitYIdgb9FmwAdCwBhCwCtCwCi+yDwoBXbRfCm8KAl2y3woBXbEJAbAKK1gh2Bv0WbAV0LAGELAW0LAKELAY0LAMELEfAbAKK1gh2Bv0WTAxJSEVITUjNTM1IzUzESEyFhYVFAQhIRUhASEyNTQmJyEDaP7C/tTLy8vLAjak+In+2/77/vsBPv7CAQP8gHH+8sLCwvNM8wK8dtuM2PpMAT/daYEBAAAEAGT/7AWQBcUAGgAoADQAOACKshs5OhESObAbELAA0LAbELAp0LAbELA30ACwNS+wNy+wAEVYsAkvG7EJGD5ZsABFWLAlLxuxJQw+WbAJELAD0LADL7AJELEQArAKK1gh2Bv0WbADELEXArAKK1gh2Bv0WbAlELAe0LAeL7AlELEsArAKK1gh2Bv0WbAeELEyArAKK1gh2Bv0WTAxARQGIyImNTU0NiAWFSM0JiMiBhUVFBYzMjY1ATQ2MzIWFRUUBiMiJjUXFBYzMjU1NCYiBhUFJwEXArSfh4akogEMosA7LS84NzIsOgEjsIyOr6yPkK7ASDZ6RHBE/fCNAseNBClzlqaLR4anl3UsOUk/SzlMOCv9PIelo49IhqWmiQQ3TodMPElJP/VMBHJMAAIAKv/rA60F2gAYACEAXbIBIiMREjmwARCwGdAAsA0vsABFWLAALxuxAAw+WbIHDQAREjmwBy+xBgiwCitYIdgb9FmwFNCwABCxGAGwCitYIdgb9FmwBxCwGdCwDRCxHwGwCitYIdgb9FkwMQUiJCc1BiM1MjcRNjYzMhYVFRQCBxUUFjMDNjU1NCYjIhUC6Pn+9gFZYWFZBMWtmLvguWVv1JUqHk0V6doRD7sRAabO6r+fJ5r+yGE3fnICFYnHHzA4rwAEAIAAAAe2BcAAAwAQAB4AKACksh8pKhESObAfELAB3LAfELAE3LAfELAR3ACwAEVYsCcvG7EnGD5ZsABFWLAlLxuxJRg+WbAARViwBy8bsQcYPlmwAEVYsCIvG7EiDD5ZsABFWLAgLxuxIAw+WbAHELAN0LANL7AC0LACL7EBArAKK1gh2Bv0WbANELEUArAKK1gh2Bv0WbAHELEbArAKK1gh2Bv0WbIhJSAREjmyJiAlERI5MDEBITUhATQ2IBYVFRQGIyImNRcUFjMyNjU1NCYjIgYVASEBESERIQERIQeD/asCVf1+wAE0wb2cnb+vXVBPW15OTV7+1/7C/lr+3QE+AacBIgGhkwIkoMjHpz6eyMmjBmNxcmc/YnJyZvusA7P8TQWw/EsDtQACAHQDkgR4BbAADAAUAG4AsABFWLAGLxuxBhg+WbAARViwCS8bsQkYPlmwAEVYsBMvG7ETGD5ZsgEVBhESObABL7IACQEREjmyAwEGERI5sATQsggBCRESObABELAL0LAGELANsAorWNgb3FmwARCwD9CwDRCwEdCwEtAwMQEDIwMRIxEzExMzESMBIxEjESM1IQP4b0hvgJ51fpWA/hOBjogBlwTy/qABYf6fAh7+kAFw/eIBsv5RAa9sAAIAlP/sBI8ETgAVABwAZbICHR4REjmwAhCwFtwAsABFWLAKLxuxChQ+WbAARViwAi8bsQIMPlmyGgoCERI5sBovsQ8FsAorWCHYG/RZsAIQsRMFsAorWCHYG/RZshUKAhESObAKELEWBbAKK1gh2Bv0WTAxJQYjIiYCNTQSNjMyFhYXFSERFjMyNwEiBxEhESYEEre7kfSHkPiEheOEA/0Ad5rErP6Ql3oCHHNecp0BAZOPAQOfi/OQPv64bnoDKnr+6wEecQD//wBh//UF3wWYACcBxv/aAoYAJwGUARIAAAEHAiQDLQAAABAAsABFWLAFLxuxBRg+WTAx//8ASP/1BnsFtAAnAh8AGAKUACcBlAGrAAABBwIkA8kAAAAdALAARViwDS8bsQ0YPlmwAEVYsBcvG7EXED5ZMDEA//8AV//1BmgFrAAnAiEAEgKXACcBlAGXAAABBwIkA7YAAAAdALAARViwAS8bsQEYPlmwAEVYsA0vG7ENED5ZMDEA//8AW//1BjIFowAnAiMAKAKOACcBlAFIAAABBwIkA4AAAAAQALAARViwBS8bsQUYPlkwMQACAFn/6wRVBgEAGgAnAFeyFCgpERI5sBQQsCHQALAML7AARViwFC8bsRQMPlmyAAwUERI5sAAvsAwQsQUBsAorWCHYG/RZsAAQsRsBsAorWCHYG/RZsBQQsSEBsAorWCHYG/RZMDEBMhcmJiMiBwcnNzYzIAATFRQCBiMiADU1NAAXIgYVFBYzMjY1NSYmAjWlcx+xfmhJQi06c4sBDwEsA33pmej+6wEB/mtycGtpdR9yBAxztMwaGc8aMv5V/nM+xf7OqQEh+g3kARXplKCJkq6tbkBGAAABAKT/AwTvBbAABwAoALAEL7AARViwBi8bsQYYPlmwBBCwAdCwBhCxAgGwCitYIdgb9FkwMQUhESERIREhBO/+3v35/t4ES/0Fyfo3Bq0AAAEAOf7zBNQFsAAMADcAsAMvsABFWLAILxuxCBg+WbADELECAbAKK1gh2Bv0WbAF0LAIELEKAbAKK1gh2Bv0WbAH0DAxAQEhFSE1AQE1IRUhAQOj/iMDDvtlAjr9xgR4/RgB2gJG/ZbplwLNAsKX6v2hAAEAkwJUA/IDQAADABIAsAIvsQEBsAorWCHYG/RZMDEBITUhA/L8oQNfAlTsAAABADcAAARvBbAACAA9sgMJChESOQCwBy+wAEVYsAEvG7EBGD5ZsABFWLADLxuxAww+WbIAAQMREjmwBxCxBgGwCitYIdgb9FkwMQEBMwEjAyM1IQJGAULn/lr2uuIBhAEmBIr6UAIL7AAAAwBe/+wH/QROABgAKAA3AG6yBjg5ERI5sAYQsCDQsAYQsDDQALAARViwBC8bsQQMPlmwAEVYsAgvG7EIDD5ZsBDQsBAvsBbQsBYvsgYWBBESObITFgQREjmxHAGwCitYIdgb9FmwBBCxJgGwCitYIdgb9FmwLNCwHBCwNdAwMQEUBgYjIAMCISIANTU0NjYzMhYXNjYzMgAFNCYjIgcGBxUeAzMyNiUUFjMyNzY3NS4CIyIGB/2D65X+36ys/t/l/uOA65WN7VVW647hASD+5ohui2EyEQU8U2E4cob6lIVzkmUtCBJfeURuiAISnf2MATj+yAE3+Aua/4+XmJqV/sryjKuVTkgdIYNgNayKi6uzUTUdTJRLqgAAAf+l/ksCvQYVABUAP7ICFhcREjkAsABFWLAOLxuxDho+WbAARViwAy8bsQMOPlmxCAGwCitYIdgb9FmwDhCxEwGwCitYIdgb9FkwMQUUBiMiJzcWMzI3ETQ2MzIXByYjIhUBsci0TEQQMCWBBNC/P2AYKjeTL8DGEuQMkATTuMUV3gqZAAACAGUA8QQgA/4AFQAqAHyyECssERI5sBAQsBvQALADL7AI0LAIL7ADELAK0LAIELENCbAKK1gh2Bv0WbADELESCbAKK1gh2Bv0WbANELAV0LADELAY0LAYL7Ad0LAdL7AYELAf0LAdELEiCbAKK1gh2Bv0WbAYELEnCbAKK1gh2Bv0WbAiELAq0DAxEzY2MzYXFxYzMjcVBiMiJycmByIGBxU2MzYXFxYzMjcVBiMiJycmByIGB2UwhEJYVYpSWH9lZndYUopVWEWLLWaIWlaMT1aHZWZ+WFKKVVhChDADkjI4AiZEJn7taiZEJgJGOLdqAidFJH7taiZEJgJCPAAAAQCIAGEEBgSrABMAOQCwEy+xAAGwCitYIdgb9FmwBNCwExCwB9CwExCwD9CwDy+xEAGwCitYIdgb9FmwCNCwDxCwC9AwMQEhByc3IzUhNyE1ITcXBzMVIQchBAb91nR3U7wBO2r+WwIkc3dRwf7AawGrATnYPprsxezVP5bsxf//ADYAKAOcBJgAZwAgAAAAt0AAOZoBBwGv/6r91AANALIACgFdsnAKAV0wMQD//wB4ACgD3wSdAGcAIgAAAL1AADmaAQcBr//m/dQADQCyAAkBXbJwCQFdMDEAAAIAHwAAA/cFsAAFAAkAOLIICgsREjmwCBCwAdAAsABFWLAALxuxABg+WbAARViwAy8bsQMMPlmyBgADERI5sggAAxESOTAxATMBASMBAQMTEwGP9wFx/pD3/o8B68zOywWw/Sf9KQLXAan+V/5YAagA//8AigCvAdEFFgAnABIADAC6AAcAEgAMA+0AAgBaAo0CNwQ5AAMABwAsALAARViwAi8bsQIUPlmwAEVYsAYvG7EGFD5ZsAIQsADQsAAvsATQsAXQMDETIxEzASMRM/2jowE6o6MCjQGs/lQBrAAAAQA0/2sBVAETAAgAHgCwCS+wBNCwBC+yoAQBXbQwBEAEAl2wANCwAC8wMRcnNjc1MxUUBsOPSQPUU5VPc39nR13GAP//AB0AAAU6BhUAJgBKAAAABwBKAlwAAAACABQAAAReBhUAFQAZAIWyCBobERI5sAgQsBfQALAARViwCC8bsQgaPlmwAEVYsAMvG7EDFD5ZsABFWLARLxuxERQ+WbAARViwGC8bsRgUPlmwAEVYsAAvG7EADD5ZsABFWLAWLxuxFgw+WbADELEBCbAKK1gh2Bv0WbAIELEOAbAKK1gh2Bv0WbABELAT0LAU0DAxMxEjNTM1NjYzMhcHJiYjIhUVMxUjESEhESG1oaEC9+GHwSpibD7K1dUCh/7eASIDZtQyzN077x0RsyzU/JoEOgAAAQAdAAAEZgYVABYAXgCwAEVYsBIvG7ESGj5ZsABFWLAGLxuxBhQ+WbAARViwCS8bsQkMPlmwAEVYsBYvG7EWDD5ZsBIQsQIBsAorWCHYG/RZsAYQsQcJsAorWCHYG/RZsAvQsAYQsA7QMDEBJiMiFRUzFSMRIREjNTM1NjYzMgURIQNEVkrE19f+3qGhAujUlwFT/t4FIAqnSdT8mgNm1FS8yyD6CwAAAgAdAAAG7QYVACYAKgDBshMrLBESObATELAo0ACwAEVYsBUvG7EVGj5ZsABFWLAILxuxCBo+WbAARViwAy8bsQMUPlmwAEVYsBAvG7EQFD5ZsABFWLAeLxuxHhQ+WbAARViwKS8bsSkUPlmwAEVYsAAvG7EADD5ZsABFWLAiLxuxIgw+WbAARViwJy8bsScMPlmwAxCxAQmwCitYIdgb9FmwCBCxDQGwCitYIdgb9FmwFRCxGwGwCitYIdgb9FmwARCwINCwIdCwJNCwJdAwMTMRIzUzNTQ2MzIXByYjIhUVITU2NjMyFwcmJiMiFRUzFSMRIREhESEhESG+oaHRvDxXAyQ0owFkAvfhhsMqYm0+ytXV/t7+nAUN/t4BIgNm1Fy2yRTgCZlXMszdO+8dEbMs1PyaA2b8mgQ6AAEAHQAABu0GFQAnAJ6yEygpERI5ALAARViwCC8bsQgaPlmwAEVYsAMvG7EDFD5ZsABFWLAQLxuxEBQ+WbAARViwHy8bsR8UPlmwAEVYsAAvG7EADD5ZsABFWLAYLxuxGAw+WbAARViwIy8bsSMMPlmwAxCxAQmwCitYIdgb9FmwCBCxDQGwCitYIdgb9FmwCBCwFdCwDRCwHNCwARCwIdCwItCwJdCwJtAwMTMRIzUzNTQ2MzIXByYjIhUVITU2NjMyBREhESYjIhUVMxUjESERIRG+oaHRvDxXAyQ0owFkAevTkAFa/t5WS8TX1/7e/pwDZtRctskU4AmZV1G/yyD6CwUgCqdJ1PyaA2b8mgAAAQAd/+wFAQYVACMAl7IOJCUREjkAsABFWLAfLxuxHxo+WbAARViwDy8bsQ8UPlmwAEVYsBovG7EaFD5ZsABFWLAiLxuxIhQ+WbAARViwCi8bsQoMPlmwAEVYsBYvG7EWDD5ZsCIQsQAJsAorWCHYG/RZsAoQsQUBsAorWCHYG/RZsAAQsA3QsA7QsB8QsRMBsAorWCHYG/RZsA4QsBjQsBnQMDEBIxEUFjMyNxUGIyADESM1MzUmIyIVESERIzUzNTY2MzIFETME9rguQTEjVVn+0Aafnz9rlP7foaECz73YARq4A2b95Dw0B9saATMCR9TWG5n7bgNm1GSyxWv+kAAAAQA4/+wGpwYYAEsA5bJFTE0REjkAsABFWLBGLxuxRho+WbAARViwPy8bsT8UPlmwAEVYsA8vG7EPFD5ZsABFWLBKLxuxShQ+WbAARViwCi8bsQoMPlmwAEVYsCwvG7EsDD5ZsEoQsQAJsAorWCHYG/RZsAoQsQUBsAorWCHYG/RZsAAQsA3QsA7QsEYQsRQJsAorWCHYG/RZsh0/LBESObQLHRsdAl2wPxCxIAmwCitYIdgb9FmyOiw/ERI5sDoQsSUJsAorWCHYG/RZsjEsPxESObQEMRQxAl2wLBCxNAmwCitYIdgb9FmyQT8gERI5MDEBIxEUFjMyNxUGIyARESM1MzU0JiMiBhUUHgIVITQmIyIGFRQWFhcWFRQGIyImJjUhFhYzMjY1NCYnJDU0NjMyFyY1NDYzMhYVFTMGnLk3ODIjVVr+ypubW1BJUhofGv7fUFVJUFvYSuX+yYjTeAESBGpZU1VpdP5+78FTTi3kvNnsuQNm/exFMwfbGgFpAhHUWVRdUUY7YmRxSj5RQjMwOysbVM+Ut2GpYk1SPzM1PRhR95DBE2dOhqLJwlMAFgBX/nIH6gWuAA0AGgAoADcAPQBDAEkATwBWAFoAXgBiAGYAagBuAHYAegB+AIIAhgCKAI4BQQCwPS+wAEVYsEYvG7FGGD5Zsn5JAyuyensDK7KCdwMrsn86AyuyCj1GERI5sAovsAPQsAMvsA7QsA4vsAoQsA/QsA8vslAODxESObBQL7FvBLAKK1gh2Bv0WbIVUG8REjmwChCxHgSwCitYIdgb9FmwAxCxJQSwCitYIdgb9FmwDxCwKdCwKS+wDhCwLtCwLi+xNASwCitYIdgb9FmwPRCxPAWwCitYIdgb9FmwPRCwa9CwZ9CwY9CwPtCwPBCwbNCwaNCwZNCwP9CwOhCwQdCwRhCwYNCwXNCwWNCwS9CxSgWwCitYIdgb9FmwWtCwXtCwYtCwR9CwSRCwTtCwDhCxUQSwCitYIdgb9FmwDxCxdgSwCitYIdgb9FmwdxCwhNCwehCwhdCwexCwiNCwfhCwidCwfxCwjNCwghCwjdAwMQEUBiMiJic1NDYzMhYXExEzMhYVFAcWFhUUIwE0JiMiBhUVFBYzMjY1ATMRFAYjIiY1MxQzMjY1AREzFTMVITUzNTMRAREhFSMVJTUhESM1ARUzMjU0JxM1IRUhNSEVITUhFQE1IRUhNSEVITUhFRMzMjU0JiMjASM1MzUjNTMRIzUzJSM1MzUjNTMRIzUzAzWBZGaAAn5oZYACQ7xiclQyNND+j0pBQEpKQkBJA7pcaVJYbV1oKTb5xHHEBSjHb/htATXEBewBNm/8XH5nYssBFv1bARX9XAEUAgoBFv1bARX9XAEUvF12Ojxd/PFxcXFxcXEHIm9vb29vbwHUYnl4XnVffHhe/rMCJUlNVCANRi2bAUhFTk5FcEVOTkUBT/6GTl1RU1s2LPzJATvKcXHK/sUGHwEddKmpdP7jqfy2qVNSBANKdHR0dHR0+ThxcXFxcXEDxFApHv7T/H76/BX5fvx++vwV+QAABQBc/dUH1whzAAMAHAAgACQAKABYALAhL7AlL7AA0LAAL7AhELAC0LACL7IfAgAREjmwHy+yIB8BXbAe0LAeL7Ac0LAcL7INAAIREjmwDS+yBxwNERI5shENHBESObAU0LAUL7IZHA0REjkwMQkDBTQ2NzY2NTQmIyIGBzM2NjMyFhUUBwYGFRcjFTMDMxUjAzMVIwQYA7/8QfxEBA8eJEpcp5WQoALLAjorOThdWy/KyspLBAQCBAQGUvwx/DEDz/E6Ohgnh0qAl4t/MzRANF88QVxMW6r9TAQKngQAAQA3AAACtQMgABcAW7IIGBkREjkAsABFWLAPLxuxDxI+WbAARViwAC8bsQAMPlmxFgKwCitYIdgb9FmyAgAWERI5shUWDxESObIDDxUREjmwDxCxCAKwCitYIdgb9FmyDAAPERI5MDEhITUBNjY1NCMiBhUjNDYzMhYVFAYHByECtf2UAR84MV8yO86rh5ShSGyUAV+KAQExVBdUPi90noF3RnRXcwAAAQCHAAACEAMSAAYANgCwAEVYsAUvG7EFEj5ZsABFWLABLxuxAQw+WbIEBQEREjmwBC+xAwKwCitYIdgb9FmwAtAwMSEjEQc1JTMCEMy9AXYTAiQpnnkAAAIAR//1ArIDIAANABgASLIDGRoREjmwAxCwENAAsABFWLAKLxuxChI+WbAARViwAy8bsQMMPlmwChCxEAKwCitYIdgb9FmwAxCxFgKwCitYIdgb9FkwMQEUBiMiJic1NDYzMhYVJzQjIgcVFBYzMjcCsqGTlaACpJGSpMxqYwQ3MmUDATaap6aTrZuqrJkJlofFVEGKAAIASP/wA9AEnQAVACEAZ7IWIiMREjmwFhCwCdAAsABFWLAJLxuxCRY+WbAARViwEC8bsRAMPlmyFgkQERI5fLAWLxixAgGwCitYIdgb9FmyAAIJERI5sBAQsRIBsAorWCHYG/RZsAkQsRwBsAorWCHYG/RZMDEBBiMiJjU0NjYzMhYVFRAABSM1MjY2JzI3NTQmIyIGFRQWAqphf7jKdNCA1PD+vP60IZeTVYhmM1lKSVpWAcRQy7lyw3D75E3+wf7BA+YvaN5CbGNYbFNPWwADAE//8APYBJ0AFQAgACoAg7IIKywREjmwCBCwGdCwCBCwKNAAsABFWLATLxuxExY+WbAARViwCC8bsQgMPlmyKAgTERI5sCgvtG8ofygCXbL/KAFdsg8oAXGxGQGwCitYIdgb9FmyAhkoERI5sg4oGRESObAIELEeAbAKK1gh2Bv0WbATELEjAbAKK1gh2Bv0WTAxARQHFhYVFAYjIiY1NDY3JjU0NjMyFgE0JiMiBhUUFjI2AzQjIgYUFjMyNgO8pVpn8dPS82hap+PFxuT++1tKSFpalFkciUBGRkJDRANTqFMpjWGes7SdYo0oVqWXs7H9cT9BQT8+R0cCInM8bkREAAEAMQAAA9sEjQAGADqyAQcIERI5ALAARViwBS8bsQUWPlmwAEVYsAEvG7EBDD5ZsAUQsQMBsAorWCHYG/RZsgAFAxESOTAxAQEhASE1IQPb/hH+zwHw/YYDqgPq/BYDo+oAAgBP//AD8ASiABMAHwBeshQgIRESObAUELAM0ACwAEVYsAAvG7EAFj5ZsABFWLAMLxuxDAw+WbAAELEBAbAKK1gh2Bv0WbIGAAwREjmwBi+xFAGwCitYIdgb9FmwDBCxGgGwCitYIdgb9FkwMQEVIgYHNjMyFhUUBiMiJjU1EAAhAyIGBxUUMzI2NTQmAybUxRdnn63H/8Xh/AFmAU/iQVsWtEtgXASi7YOOZdK0r+T540kBNgFX/YEyHzbFZEpPTwABAE//8APaBI0AGgBtsgwbHBESOQCwAEVYsAEvG7EBFj5ZsABFWLAMLxuxDAw+WbABELEDAbAKK1gh2Bv0WbIHAQwREjmwBy+xFwGwCitYIdgb9FmyBQcXERI5sAwQsRIBsAorWCHYG/RZshASFxESObIaFxIREjkwMRMTIRUhBzYzMhYQBiMiJCchFjMyNTQmIyIHB2tPAt/+DR9uVsLN9s69/voEASEHn6JcXlw7FQI1Aljn0CjF/pjhw5Vwr09fKg8AAgAzAAAD8wSNAAoADgBXsg4PEBESObAOELAJ0ACwAEVYsAkvG7EJFj5ZsABFWLAELxuxBAw+WbIBCQQREjmwAS+xAgGwCitYIdgb9FmwBtCyCAQJERI5sAEQsAvQsg0JBBESOTAxATMVIxUhNSEnASEBMxEHA2mKiv7f/fsQAhUBIf3h/hIB2erv770C4f1MAUocAAEAL//wA9kEnQAmAIOyICcoERI5ALAARViwDi8bsQ4WPlmwAEVYsBkvG7EZDD5ZsAHQsAEvsm8BAV2y/wEBXbIfAQFdso8BAXGwDhCxBwGwCitYIdgb9FmwDhCwCtCwARCxJQGwCitYIdgb9FmyFCUBERI5sBkQsB3QsgQdAV2wGRCxIAGwCitYIdgb9FkwMQEzMjY1NCYjIgYVITQ2MzIWFRQGBxYVFAQjIiY1IRQWMzI2NTQnIwFyglpVVk1FWP7f9MLW9mpd3P721877ASJqTVRcwIYCs0s9OUA1LJS2sZ1YfyM90pu7wqU4R0s+jgEAAQA4AAAD4ASdABgAVrIJGRoREjkAsABFWLAQLxuxEBY+WbAARViwAC8bsQAMPlmxFwGwCitYIdgb9FmwAtCyAxAAERI5sBAQsQkBsAorWCHYG/RZsBAQsAzQshYAEBESOTAxISE1ATY2NTQmIyIGFSE0NjMyFhUUBgcHIQPg/HMBpldKS0pQW/7e/sTU7n+5uAIUwwGATH0mO0ddS6/ivqxsupOSAAEAlQAAAuUEigAGAEGyAQcIERI5ALAARViwBS8bsQUWPlmwAEVYsAAvG7EADD5ZsgQABRESObAEL7EDAbAKK1gh2Bv0WbICAwUREjkwMSEhEQU1JTMC5f7f/tECNBwDOEThtQACAE//8APYBJ0ADQAZAEiyAxobERI5sAMQsBbQALAARViwCi8bsQoWPlmwAEVYsAMvG7EDDD5ZsAoQsRABsAorWCHYG/RZsAMQsRYBsAorWCHYG/RZMDEBFAYjIiYnNTQ2MzIWFyU0IyIHERQWMzI2NwPY7NjX7ALt1tXvAv7epJ0FTlZTTgEBz+X69uHz5v364gjq2f7odXVvdAABADcAAAQEBI0ACQBGALAARViwBy8bsQcWPlmwAEVYsAIvG7ECDD5ZsQABsAorWCHYG/RZsgQAAhESObAHELEFAbAKK1gh2Bv0WbIJBQcREjkwMSUhFSE1ASE1IRUBtgJO/DYCSv2zA8To6JgDC+qVAAAB//8AAARPBI0ACAAxALAARViwAS8bsQEWPlmwAEVYsAcvG7EHFj5ZsABFWLAELxuxBAw+WbIAAQQREjkwMQETIQERIREBIQIm7wE6/mX+3v5tATgCngHv/Qn+agGiAusAAAEAAwAABFwEjQALAFMAsABFWLABLxuxARY+WbAARViwCi8bsQoWPlmwAEVYsAQvG7EEDD5ZsABFWLAHLxuxBww+WbIAAQQREjmyBgEEERI5sgMABhESObIJBgAREjkwMQETIQEBIQMDIQEBIQIkzgFO/poBgv6q3tf+sgFw/poBSwMVAXj9vv21AX7+ggJLAkIAAQAfAAAF2wSNAAwAYLIFDQ4REjkAsABFWLAJLxuxCRY+WbAARViwCy8bsQsWPlmwAEVYsAEvG7EBFj5ZsABFWLADLxuxAww+WbAARViwBi8bsQYMPlmyAAMBERI5sgUBBhESObIKBgkREjkwMQETIQEhAwMhASETEzMEMZQBFv7z/uCyr/7g/vIBF5S0/gF0Axn7cwLf/SEEjfzjAx0AAAH//wAABIkEjQAIADEAsABFWLADLxuxAxY+WbAARViwBy8bsQcWPlmwAEVYsAUvG7EFDD5ZsgEDBRESOTAxARc3ASEBIQEhAjcLCwEMATD+Vv7I/lgBLwFANzQDUPtzBI0AAQBd//AEMASNABAANrIEERIREjkAsABFWLAJLxuxCRY+WbAARViwBC8bsQQMPlmxDAGwCitYIdgb9FmwCRCwENAwMQERFAQjIiQ1ESERFjMyNjURBDD+/ubl/voBIgbDYWUEjf0Ox+TkxgLz/P+0WmcC9AABACAAAAQvBI0ABwAvALAARViwBi8bsQYWPlmwAEVYsAIvG7ECDD5ZsAYQsQABsAorWCHYG/RZsATQMDEBIREhESE1IQQv/ob+3v6NBA8Do/xdA6PqAAEAOv/wBAEEnQAmAGyyEScoERI5ALAARViwCi8bsQoWPlmwAEVYsBwvG7EcDD5ZsgMcChESObIOHAoREjmyCQ4BXbJWDgFdsAoQsREBsAorWCHYG/RZsAMQsBXQsiEcChESObIGIQFdsBwQsSQBsAorWCHYG/RZMDEBNC4ENTQ2MzIEFSE0JiMiBhQWFxYWFRQGIyImJjUhFBYzMjYC62LsoWgy+sXXAQn+32dXTWBkdOnJ9tWR6n8BInNzTlsBOTpGOD9WcU6WwsOpQFZEZj8dM7SZnLVernddUkAAAAIAYwAABEwEjQAOABUAYLIAFhcREjmwFNAAsABFWLAELxuxBBY+WbAARViwAi8bsQIMPlmwAEVYsA0vG7ENDD5ZshAEAhESObAQL7EAAbAKK1gh2Bv0WbILAAQREjmwBBCxFAGwCitYIdgb9FkwMQEjESERITIWFRQGBwEVIQEzMjU0IyMCOrX+3gHm3vhndAEI/sj+ccS1vbwBkv5uBI23p3yhM/4tDAJ7lZMAAAIAQf8pBH8EnQAUACIASLIQIyQREjmwEBCwGNAAsABFWLAQLxuxEBY+WbAARViwCC8bsQgMPlmwEBCxGAGwCitYIdgb9FmwCBCxHwGwCitYIdgb9FkwMQEUBgcXByUGIyIAETU0EjYzMhYSFwU0JiMiBhUVFBYzMjY1BH9vYcS0/vUpKvP+04b4oZ73iQH+34Z4fIKHeHaHAi+f7kqTnM0GATgBDSesAQaPjP77qgWmsrKmLqW0tKgAAAIAYwAABDUEjQALABQAT7ILFRYREjmwCxCwDdAAsABFWLADLxuxAxY+WbAARViwAS8bsQEMPlmyDAMBERI5sAwvsQABsAorWCHYG/RZsAMQsRMBsAorWCHYG/RZMDEBESERITIWFhUUBCMnMzI2NTQmJyMBhf7eAfGO3Hf++uDKz1xlZVnSAX/+gQSNZbp1rc3pTENNXgEAAgBA//AEfgSdABEAHwBIsgQgIRESObAEELAV0ACwAEVYsA0vG7ENFj5ZsABFWLAELxuxBAw+WbANELEVAbAKK1gh2Bv0WbAEELEcAbAKK1gh2Bv0WTAxARQCBiMiJgInNTQSNjMyFhIXBTQmIyIGFRUUFjMyNjUEfob5np/5iAGG+KGe94kB/t6FeHyBhHt0hwIvq/76jowBA6k0rAEGj4z++6oFprKypi6jtrSoAAABAGMAAARyBI0ACQBFALAARViwBS8bsQUWPlmwAEVYsAgvG7EIFj5ZsABFWLAALxuxAAw+WbAARViwAy8bsQMMPlmyAgUAERI5sgcFABESOTAxISEBESERIQERIQRy/t/+NP7eASIBzAEhAtb9KgSN/SkC1wAAAQBjAAAFowSNAA4AYLIBDxAREjkAsABFWLAALxuxABY+WbAARViwAi8bsQIWPlmwAEVYsAQvG7EEDD5ZsABFWLAILxuxCAw+WbAARViwDC8bsQwMPlmyAQAEERI5sgcABBESObIKAAQREjkwMQkCIREhNRMBIwETFSERAeABIwEhAX/+3R7+xcH+xh7+3QSN/O8DEftz7AJk/LADTf2f7ASNAAABAGMAAAOYBI0ABQApALAARViwBC8bsQQWPlmwAEVYsAIvG7ECDD5ZsQABsAorWCHYG/RZMDElIRUhESEBhQIT/MsBIujoBI0AAAEAYwAABHUEjQAMAEwAsABFWLAELxuxBBY+WbAARViwCC8bsQgWPlmwAEVYsAIvG7ECDD5ZsABFWLALLxuxCww+WbIAAggREjmyBgIEERI5sgoCCBESOTAxAQcRIREhETcBIQEBIQIEf/7eASJiARkBav5eAa3+qgGzff7KBI3+GoQBYv31/X4AAAEAIP/wA3kEjQANADCyBQ4PERI5ALAARViwAC8bsQAWPlmwAEVYsAUvG7EFDD5ZsQsBsAorWCHYG/RZMDEBIREUBiMiJjUhFDMyNwJXASLrudLjASKTgAIEjfz9uOLJu5yrAAABAHYAAAGYBI0AAwAdALAARViwAi8bsQIWPlmwAEVYsAAvG7EADD5ZMDEhIREhAZj+3gEiBI0AAAEAYwAABHMEjQALAGIAsABFWLAGLxuxBhY+WbAARViwCi8bsQoWPlmwAEVYsAAvG7EADD5ZsABFWLAELxuxBAw+WbIJAAoREjl8sAkvGLRACVAJAnGywAkBXbQwCUAJAl2xAgGwCitYIdgb9FkwMSEhESERIREhESERIQRz/t/+M/7eASIBzQEhAcb+OgSN/iIB3gABAEn/8ARbBJ0AHgBrshwfIBESOQCwAEVYsAovG7EKFj5ZsABFWLADLxuxAww+WbIOCgMREjmyCw4BXbAKELERAbAKK1gh2Bv0WbADELEYAbAKK1gh2Bv0WbIdCgMREjmwHS+0jx2fHQJdsRwJsAorWCHYG/RZMDElBgQjIgADNRAAMzIEFyEmJiMiBgcVFBYzMjc1IzUhBFtE/vuk+v7aBQEg9OYBABf+6Q5ja3iDAYqMfjngAgONR1YBJQEBTgEIATHKylVWpqNEq6Qqps0AAQBjAAADowSNAAkATgCwAEVYsAQvG7EEFj5ZsABFWLACLxuxAgw+WbIJAgQREjmwCS+0bAl8CQJdsjkJAV2xAAGwCitYIdgb9FmwBBCxBgGwCitYIdgb9FkwMQEhESERIRUhFSEDbv4X/t4DQP3iAekBxv46BI3q9AABADr/EwQBBXMAKwB5shQsLRESOQCwAEVYsAovG7EKFj5ZsABFWLAfLxuxHww+WbAARViwIi8bsSIMPlmyAyIKERI5sAoQsA3QsAoQsRQJsAorWCHYG/RZsAMQsRkJsAorWCHYG/RZshEUGRESObAiELEpCbAKK1gh2Bv0WbImKQMREjkwMQE0LgQ1NDY3NTMVFhYVITQmIyIGFBYXFhYVFAYHFSM1JiY1IRQWMzI2Auti7KFoMtOwoLLK/t9nV01gZHTpycuvoMblASJzc05bATk6Rjg/VnFOibwQ2dwXvpFAVkRmPx0ztJmPrhDh4RPLoV1SQAABAEAAAAQ/BJ0AHQB2shkeHxESOQCwAEVYsBIvG7ESFj5ZsABFWLAFLxuxBQw+WbIdEgUREjmwHS+ynx0BXbEAB7AKK1gh2Bv0WbAFELEDAbAKK1gh2Bv0WbAH0LAI0LAAELAL0LAdELAN0LIWHRIREjmwEhCxGAGwCitYIdgb9FkwMQEhBgchFSE1MzY2JyM1MycmNjMyFhUhNCMiBhcXIQNu/pgCXQKY/EcKKSsDoZwCBuPGy+P+34tDRgUEAW8B3JBj6ekKhWSnV9Xu2ca3cGtXAAEABgAAA6AEjQAYAHOyABkaERI5ALAARViwAS8bsQEWPlmwAEVYsAwvG7EMDD5ZsgAMARESObIIAQwREjmwCC+wA9B8sAMvGLEFB7AKK1gh2Bv0WbAIELEKArAKK1gh2Bv0WbAO0LAIELAQ0LAFELAT0LADELAV0LABELAX0DAxARMhAzMVIwcVIRUhFSE1ITUhNSchNTMDIQHTngEv57L6EQEL/vX+3/71AQsL/wC45gEwAsgBxf3hqSkbp9rapysZqQIfAAEAYwAAA6gEjQAFADOyAQYHERI5ALAARViwBC8bsQQWPlmwAEVYsAIvG7ECDD5ZsAQQsQABsAorWCHYG/RZMDEBIREhESEDqP3d/t4DRQOj/F0EjQAAAv//AAAEiQSNAAMACAA9sgUJChESObAFELAC0ACwAEVYsAIvG7ECFj5ZsABFWLAALxuxAAw+WbIFAgAREjmxBwGwCitYIdgb9FkwMSEhASEDJwcDIQSJ+3YBqAE4kgsLwAGYBI3+wjM2/Z0AAwBA//AEfgSdAAMAFQAjAHmyCCQlERI5sAgQsAHQsAgQsBnQALAARViwES8bsREWPlmwAEVYsAgvG7EIDD5ZsgMRCBESOXywAy8YssADAV20MANAAwJdtEADUAMCcbEAAbAKK1gh2Bv0WbARELEZAbAKK1gh2Bv0WbAIELEgAbAKK1gh2Bv0WTAxASE1IQUUAgYjIiYCJzU0EjYzMhYSFwU0JiMiBhUVFBYzMjY1Ax7+iwF1AWCG+Z6f+YgBhvihnveJAf7ehXh8gYR7dIcBx+qCq/76jowBA6k0rAEGj4z++6oFprKypi6jtrSoAAH//wAABIkEjQAIADiyBwkKERI5ALAARViwAi8bsQIWPlmwAEVYsAAvG7EADD5ZsABFWLAELxuxBAw+WbIHAgAREjkwMSEhASEBIQEnBwEu/tEBqAE4Aar+0P70CwsEjftzA08zNgAAAwBKAAADYASNAAMABwALAGayBAwNERI5sAQQsAHcsAQQsAncALAARViwCi8bsQoWPlmwAEVYsAAvG7EADD5ZsQIBsAorWCHYG/RZsgcKABESObAHL7JQBwFxsQQBsAorWCHYG/RZsAoQsQgBsAorWCHYG/RZMDEhITUhJyE1ITchNSEDYPzqAxZR/YwCdFH86gMW6f3q0+oAAAEAYwAABHwEjQAHAECyAQgJERI5ALAARViwBi8bsQYWPlmwAEVYsAAvG7EADD5ZsABFWLAELxuxBAw+WbAGELECAbAKK1gh2Bv0WTAxISERIREhESEEfP7e/iv+3gQZA6P8XQSNAAEASAAABAQEjQAMAEWyBg0OERI5ALAARViwCC8bsQgWPlmwAEVYsAMvG7EDDD5ZsQEBsAorWCHYG/RZsAXQsAgQsQoBsAorWCHYG/RZsAfQMDEBAyEVITUBATUhFSETAqjvAkv8RAE0/swDof3a5QJQ/pnpmAHAAZ6X6v69AAMAQQAABZYEjQARABcAHABxsggdHhESObAIELAU0LAIELAa0ACwAEVYsBEvG7ERFj5ZsABFWLAHLxuxBww+WbIAEQcREjmwAC+yBgcRERI5sAYvsAnQsAAQsA/QsAYQsRsJsAorWCHYG/RZsBTQsAAQsRoJsAorWCHYG/RZsBXQMDEBFgQVFAQHFSE1JiQ1NCQ3NSEBBhcRBgYFNCcRNgN9+wEe/uH6/t/7/uABHP8BIf3lBP59ewMQ9/cEFw/yzdL9D2trD/jVz/IPdv266RYB8gt4btsW/g4WAAABAEEAAAVMBI0AFwBdsgsYGRESOQCwAEVYsBEvG7ERFj5ZsABFWLAWLxuxFhY+WbAARViwBC8bsQQWPlmwAEVYsAovG7EKDD5ZsgAKBBESObAAL7EJAbAKK1gh2Bv0WbAM0LAAELAV0DAxATY2NxEhEQIABxEhESYAEREhERYWFxEhA1duZAEBIgH+/PD+3/H+/AEhAV90ASEB+xKirgEw/tn++P7KGP7wAQ8YATcBDQEi/tWcsRgCkAABAEoAAASHBJ0AIwBVsgckJRESOQCwAEVYsBkvG7EZFj5ZsABFWLAPLxuxDww+WbAARViwIi8bsSIMPlmwGRCxBwGwCitYIdgb9FmwDxCxEQGwCitYIdgb9FmwINCwIdAwMSU2Njc1NCYjIgYVFRQWFxUhNTMmETU0NjYzMgAVFRQGBzMVIQKgZF8Cg3t5gmNn/im90of5newBNGxmw/4o7ymokT2PmJaULJexKO/rnAERFoflg/7m4BZ/10zrAAABACD/7AV0BI0AGQBushYaGxESOQCwAEVYsAIvG7ECFj5ZsABFWLAOLxuxDgw+WbAARViwGC8bsRgMPlmwAhCxAAGwCitYIdgb9FmwBNCwBdCyCAIOERI5sAgvsA4QsQ8BsAorWCHYG/RZsAgQsRUBsAorWCHYG/RZMDEBITUhFSEVNjMyFhUUBiM1MjY1NCYjIgcRIQF1/qsD0v6lgH3j/f3qZ19xcmpv/t4Do+rqwSDXxb293ExNYVYd/gUAAQBA//AEUgSdABsAk7IKHB0REjkAsABFWLAKLxuxChY+WbAARViwAy8bsQMMPlmyDgoDERI5sAoQsRABsAorWCHYG/RZshMKAxESObATL7QfEy8TAnK0jxOfEwJxsv8TAV2yDxMBcbSfE68TAnK0bBN8EwJdtDkTSRMCXbEUAbAKK1gh2Bv0WbADELEYAbAKK1gh2Bv0WbIbAwoREjkwMQEGBCMiAAM1EAAzMgQXISYjIgchFSEWFjMyNjcEUQz+6+Lz/ukEARvx4gEQFP7fCtvLGwFK/rQNbm9tbwUBj7/gASkBBUIBBQE44sfA+emBeVhfAAIAHgAABy4EjQAYACEAerIEIiMREjmwBBCwGdAAsABFWLATLxuxExY+WbAARViwAy8bsQMMPlmwAEVYsAsvG7ELDD5ZsBMQsQUBsAorWCHYG/RZsAsQsQ0BsAorWCHYG/RZshUTAxESObAVL7EZAbAKK1gh2Bv0WbADELEaAbAKK1gh2Bv0WTAxARQEIyERIQMGAgYHIyc3PgI3EyERMzIEBREzMjY1NCYnBy7+9OX+EP7bDAxcuKE6AytGQyIJEgNgz+UBC/1B1V1saVkBj7HeA6P+1vj++XgC7QYLTqOzAev+i9kQ/rpfSUZWAgACAGMAAAcnBI0AEgAbAJqyARwdERI5sAEQsBPQALAARViwAi8bsQIWPlmwAEVYsBEvG7ERFj5ZsABFWLALLxuxCww+WbAARViwDy8bsQ8MPlmyAQILERI5fLABLxiywAEBXbQwAUABAl20QAFQAQJxsgQCCxESObAEL7ABELENAbAKK1gh2Bv0WbAEELETAbAKK1gh2Bv0WbALELEUAbAKK1gh2Bv0WTAxASERIREzMgQVFAQjIREhESERIQERMzI2NTQmJwGFAcEBIs/lAQv+9OX+EP4//t4BIgLj1VlvbVgCrwHe/ovZsLHeAcb+OgSN/aL+ulxMSVQBAAABACAAAAV0BI0AFQBcsgcWFxESOQCwAEVYsAIvG7ECFj5ZsABFWLAMLxuxDAw+WbAARViwFC8bsRQMPlmwAhCxAAGwCitYIdgb9FmwBNCwBdCyCAIMERI5sAgvsREBsAorWCHYG/RZMDEBITUhFSEVNjMyFhcRIRE0JiMiBxEhAXX+qwPS/qWAePLxAv7eZ3tqb/7eA6Pq6sEg2df+rgFKbmAd/gUAAQBj/qcEfASNAAsAULIDDA0REjkAsAIvsABFWLAGLxuxBhY+WbAARViwCi8bsQoWPlmwAEVYsAAvG7EADD5ZsABFWLAELxuxBAw+WbEIAbAKK1gh2Bv0WbAJ0DAxISERIREhESERIREhBHz+kf7e/ngBIgHVASL+pwFZBI38XAOkAAIAYwAABEQEjQAMABMAYbIDFBUREjmwAxCwEdAAsABFWLALLxuxCxY+WbAARViwCS8bsQkMPlmwCxCxAAGwCitYIdgb9FmyAwsJERI5sAMvsAkQsQ0BsAorWCHYG/RZsAMQsREBsAorWCHYG/RZMDEBIRUzMgQVFAQjIREhATI1NCMjEQPL/brP7QED/vvq/g4DaP6Pyc/PA6SpybGyzwSN/Fyaj/7XAAIAIf6zBToEjQAOABQAXbISFRYREjmwEhCwCdAAsAkvsABFWLAELxuxBBY+WbAARViwCi8bsQoMPlmxAAGwCitYIdgb9FmwBtCwB9CwCRCwDNCwBxCwD9CwENCwBBCxEQGwCitYIdgb9FkwMTc2NjcTIREzESERIREhESEhESEHAn9gSAYHA2qc/t/9Kf7fAbABrP7TAwzpZs3CAa/8XP3KAU3+swI2ArrL/ssAAAEAFgAABlkEjQAVAKCyARYXERI5ALAARViwCS8bsQkWPlmwAEVYsA0vG7ENFj5ZsABFWLARLxuxERY+WbAARViwAi8bsQIMPlmwAEVYsAYvG7EGDD5ZsABFWLAULxuxFAw+WbIQCQIREjl8sBAvGLSAEJAQAl2ywBABXbQwEEAQAl20EBAgEAJxsQABsAorWCHYG/RZsATQshMQABESObATELAI0LAQELAL0DAxASMRIREjAyEBASETMxEhETMTIQEBIQQnXv7fYc/+ngE9/uIBUMtYASFXygFQ/uEBPv6eAbj+SAG4/kgCWgIz/jwBxP48AcT91f2eAAABAD7/8AP6BJ0AJgCgsiUnKBESOQCwAEVYsAovG7EKFj5ZsABFWLAWLxuxFgw+WbAKELEDAbAKK1gh2Bv0WbIGFgoREjmyJQoWERI5sCUvsvwlAV2yDCUBcbI/JQFxss8lAXGynyUBcbRsJXwlAl20OSVJJQJdsSIIsAorWCHYG/RZtNYi5iICXbJWIgFdshAiJRESObIaFgoREjmwFhCxHQGwCitYIdgb9FkwMQE0JiMiBhUhNDYzMhYVFAYHFhYVFAQjIiQ1IRYWMzI2NTQnIzUzNgLGX1dHWP7e+Mve92hZaGz+++PT/v8BIgJeVl9kxJOdpwM3PUE2LZizp5VZjCgjjl6ftryiN0FJQ40DwQQAAQBjAAAEdgSNAAkATLIACgsREjkAsABFWLAALxuxABY+WbAARViwBy8bsQcWPlmwAEVYsAIvG7ECDD5ZsABFWLAFLxuxBQw+WbIEAAIREjmyCQACERI5MDEBIREhEQEhESERA1QBIv7e/jH+3gEiBI37cwLa/SYEjf0mAAEAYwAABFIEjQAMAFuyCg0OERI5ALAARViwBC8bsQQWPlmwAEVYsAgvG7EIFj5ZsABFWLACLxuxAgw+WbAARViwCy8bsQsMPlmyBgIEERI5sAYvsQEBsAorWCHYG/RZsgoBBhESOTAxASMRIREhETMTIQEBIQH2cf7eASJt8QFM/q8BdP6fAbj+SASN/jwBxP3J/aoAAAEAHgAABG8EjQARAE+yBBITERI5ALAARViwAC8bsQAWPlmwAEVYsAEvG7EBDD5ZsABFWLAJLxuxCQw+WbAAELEDAbAKK1gh2Bv0WbAJELELAbAKK1gh2Bv0WTAxAREhESEDBgIGByMnNz4CNxMEb/7e/tsMDVy1nz4DHU5GJAgUBI37cwOj/tr9/vx5A+0EC0qepQIEAAEAG//sBGkEjQAQAESyBRESERI5ALAARViwAS8bsQEWPlmwAEVYsBAvG7EQFj5ZsABFWLAHLxuxBww+WbIABwEREjmxCwGwCitYIdgb9FkwMQETIQEHBgcHJycWMzI2NwEhAlrcATP+ZDFlujxPAhg4MkYa/kkBOgJiAiv8fF6yDAED6QQoMgNfAAEAY/6zBU8EjQALAEayCQwNERI5ALACL7AARViwBi8bsQYWPlmwAEVYsAovG7EKFj5ZsABFWLAELxuxBAw+WbEAAbAKK1gh2Bv0WbAI0LAJ0DAxJTMDIREhESERIREhBHzTFP7z/DUBIgHVASLp/coBTQSN/FwDpAAAAQBGAAAERQSNABEAR7IEEhMREjkAsABFWLAILxuxCBY+WbAARViwEC8bsRAWPlmwAEVYsAAvG7EADD5Zsg0IABESObANL7EEAbAKK1gh2Bv0WTAxISERBiMgJicRIREUFjMyNxEhBEX+33hi/vr7AwEiaHpocgEhAZsf1NkBZP6nb2AdAgsAAAEAYwAABksEjQALAFCyBQwNERI5ALAARViwAi8bsQIWPlmwAEVYsAYvG7EGFj5ZsABFWLAKLxuxChY+WbAARViwAC8bsQAMPlmxBAGwCitYIdgb9FmwCNCwCdAwMSEhESERIREhESERIQZL+hgBIgFBASIBQQEiBI38XAOk/FwDpAABAGP+swceBI0ADwBZsgsQERESOQCwAi+wAEVYsAYvG7EGFj5ZsABFWLAKLxuxChY+WbAARViwDi8bsQ4WPlmwAEVYsAQvG7EEDD5ZsQABsAorWCHYG/RZsAjQsAnQsAzQsA3QMDElMwMhESERIREhESERIREhBkvTFP7z+mYBIgFBASIBQQEi6f3KAU0EjfxcA6T8XAOkAAIACgAABWAEjQAMABUAYbIIFhcREjmwCBCwFNAAsABFWLAHLxuxBxY+WbAARViwAy8bsQMMPlmwBxCxBQGwCitYIdgb9FmyCgcDERI5sAovsAMQsQ0BsAorWCHYG/RZsAoQsRMBsAorWCHYG/RZMDEBFAQjIREhNSERMzIEATI2NTQmJyMRBWD+9OX+EP6LApfP5QEL/hZdbGlZ3AGPsd4Do+r+i9n+ql9JRlYC/rr//wBjAAAF1wSNACYCCAAAAAcB4wQ/AAAAAgBjAAAERASNAAoAEwBSsggUFRESObAIELAL0ACwAEVYsAUvG7EFFj5ZsABFWLADLxuxAww+WbIIBQMREjmwCC+wAxCxCwGwCitYIdgb9FmwCBCxEQGwCitYIdgb9FkwMQEUBCMhESERMzIEATI2NTQmJyMRBET+9OX+EAEiz+UBC/4WXWxpWdwBj7HeBI3+i9n+ql9JRlYC/roAAQAx//AEQwSdABwAkLILHR4REjkAsABFWLASLxuxEhY+WbAARViwGS8bsRkMPlmyABkSERI5sQMBsAorWCHYG/RZsgkSGRESObAJL7QfCS8JAnK0jwmfCQJxsv8JAV2yDwkBcbSfCa8JAnK0bAl8CQJdtDkJSQkCXbEGAbAKK1gh2Bv0WbASELELAbAKK1gh2Bv0WbIOEhkREjkwMQEWFjMyNjchNSEmIyIGByE2JDMyABEVEAAjIiQnAVMFb21ubg3+tQFKG8tqdQX+3xQBEeDyARv+6Pfh/usMAY9fWHmB6flhX8ng/sj+9jD+9f7Q4L8AAAIAY//wBmMEnQAUACIAjbIaIyQREjmwGhCwENAAsABFWLARLxuxERY+WbAARViwDC8bsQwWPlmwAEVYsAkvG7EJDD5ZsABFWLAELxuxBAw+WbIOCQwREjl8sA4vGLRADlAOAnGywA4BXbQwDkAOAl2xBwGwCitYIdgb9FmwERCxGAGwCitYIdgb9FmwBBCxHwGwCitYIdgb9FkwMQEUAgYjIiQnIxEhESERMzYAMzIAESU0JiMiBhUVFBYzMjY1BmOG+Z/Z/twepf7eASKjGAEk3/UBK/7ehXl7god4dYcCL6v++o783P44BI3+JOIBCv7E/vUHprKypi6ltLSoAAACADYAAAQfBI0ADAAVAGOyCxYXERI5sAsQsBDQALAARViwBi8bsQYWPlmwAEVYsAAvG7EADD5ZsABFWLAILxuxCAw+WbIRBgAREjmwES+xCgGwCitYIdgb9FmyAQoGERI5sAYQsRIBsAorWCHYG/RZMDEzASY1NDYzIREhESMDExQWMzMRIyIGNgEKw/3ZAcz+3r/PLlhYsLBRXwILXMSkvvtzAZv+ZQMVQ08BIE4AAAEACgAABBoEjQANAFKyAQ4PERI5ALAARViwCC8bsQgWPlmwAEVYsAIvG7ECDD5Zsg0IAhESObANL7EAB7AKK1gh2Bv0WbAE0LANELAG0LAIELEKAbAKK1gh2Bv0WTAxASMRIREjNTMRIRUhETMCxc3+3szMA0T93s0B0f4vAdG3AgXq/uUAAQAW/rMGugSNABkAmrIIGhsREjkAsAQvsABFWLAQLxuxEBY+WbAARViwFC8bsRQWPlmwAEVYsBgvG7EYFj5ZsABFWLANLxuxDQw+WbAARViwCi8bsQoMPlmwAEVYsAUvG7EFDD5ZshcKGBESObAXL7EHAbAKK1gh2Bv0WbIABxcREjmwBRCxAQGwCitYIdgb9FmwBxCwC9CyDxcHERI5sBcQsBLQMDEBEzMRIxEjAyMRIREjAyEBASETMxEhETMTIQUbxdrv1NBe/t9hz/6eAT3+4gFQy1gBIVfKAVACYv6G/csBTQG4/kgBuP5IAloCM/48AcT+PAHEAAEAY/6zBKYEjQAQAG2yABESERI5ALADL7AARViwCy8bsQsWPlmwAEVYsA8vG7EPFj5ZsABFWLAJLxuxCQw+WbAARViwBS8bsQUMPlmyDQkLERI5sA0vsQgBsAorWCHYG/RZsgAIDRESObAFELEBAbAKK1gh2Bv0WTAxARMzESMRIwMjESERIREzEyEC3uPl78b7cf7eASJt8QFMAlb+kv3LAU0BuP5IBI3+PAHEAAEAYwAABP8EjQAUAGSyCxUWERI5ALAARViwBi8bsQYWPlmwAEVYsBMvG7ETFj5ZsABFWLAJLxuxCQw+WbAARViwES8bsREMPlmyABETERI5sAAvsATQsAAQsRABsAorWCHYG/RZsggQABESObAM0DAxATM1MxUzEyEBASEDIxUjNSMRIREhAYVApzPxAUz+rwF0/p/7N6dA/t4BIgLJ2toBxP3J/aoBuM3N/kgEjQAAAQAgAAAFhQSNAA4AarIADxAREjkAsABFWLAGLxuxBhY+WbAARViwCi8bsQoWPlmwAEVYsAIvG7ECDD5ZsABFWLANLxuxDQw+WbIIAgYREjmwCC+xAQGwCitYIdgb9FmwBhCxBAGwCitYIdgb9FmyDAEIERI5MDEBIxEhESE1IREzEyEBASEDKnH+3v6JApls8gFM/q4BdP6gAbj+SAOj6v48AcT9yf2qAAACAED/6wXVBKwAIgAvAIWyFDAxERI5sBQQsCPQALAARViwDC8bsQwWPlmwAEVYsBovG7EaFj5ZsABFWLAALxuxAAw+WbAARViwBC8bsQQMPlmyAgQaERI5sAIvsBoQsSwBsAorWCHYG/RZsA3QsAQQsRQBsAorWCHYG/RZsAAQsSIBsAorWCHYG/RZsiYUGhESOTAxBSInBiMgABE1NDY2MxUiBgcVFBYzJic1NBIzMhIXFRQHFjMBFBYXNjc1NCYjIgYVBdXrt5ew/sT+kILqlmd4As/EoQLqyNHvApVCY/2OVFGXBUlTTFkNNj4BQQEeOKH/ivOpkzKvv6H9MOgBGP7251jfqAcBrX+kMmvROY6KhIcA/////wAABE8EjQAmAdMAAAAHAiYAOP7LAAEAA/6zBJsEjQAPAGmyChARERI5ALAHL7AARViwAS8bsQEWPlmwAEVYsA8vG7EPFj5ZsABFWLALLxuxCww+WbAARViwCS8bsQkMPlmyAAkBERI5sgoBCRESObIDCgAREjmxBAGwCitYIdgb9FmyDQAKERI5MDEBEyEBEzMRIxEjAwMhAQEhAiTOAU7+munY76be1/6yAXD+mgFLAxUBeP2+/p39ywFNAX7+ggJLAkIAAQAg/rMGYwSNAA8AXrIJEBEREjkAsAIvsABFWLAILxuxCBY+WbAARViwDi8bsQ4WPlmwAEVYsAQvG7EEDD5ZsQABsAorWCHYG/RZsAgQsQYBsAorWCHYG/RZsArQsAvQsAAQsAzQsA3QMDElMwMhESERITUhFSERIREhBY/UFP70/DX+qAO8/r0B1QEh6f3KAU0Do+rq/UYDpAAAAQBGAAAERQSNABcAULIEGBkREjkAsABFWLALLxuxCxY+WbAARViwFi8bsRYWPlmwAEVYsAAvG7EADD5ZshALABESObAQL7EHAbAKK1gh2Bv0WbAE0LAQELAT0DAxISERBgcVIzUmJicRIREUFhc1MxU2NxEhBEX+30Y+p93SBAEiSEmnQkIBIQGbEQjT0A/TxAFo/qlhXQ37/AcRAgsAAAEAYwAABGIEjQARAEeyBBITERI5ALAARViwAC8bsQAWPlmwAEVYsAgvG7EIDD5ZsABFWLAQLxuxEAw+WbIEAAgREjmwBC+xDQGwCitYIdgb9FkwMRMhETYzIBYXESERJiYjIgcRIWMBInhiAQj3BP7fAml3ZHb+3gSN/mQf09X+mAFiaVwe/fcAAAIAFf/wBd8EqwAaACIAZ7INIyQREjmwDRCwHNAAsABFWLAOLxuxDhY+WbAARViwAC8bsQAMPlmyHw4AERI5sB8vsRIBsAorWCHYG/RZsAPQsB8QsArQsAAQsRUBsAorWCHYG/RZsA4QsRsBsAorWCHYG/RZMDEFIAAnJiY1MxQWFz4CMzIAExUhFiEyNxcGBgMiBgchNTQmA/3+9f62GLXG4UxNDJf5k/4BHgX80hoBMqKWRjHdrnaMDAINiBABAeUJ8dBfdguO4Xz+6/78vfk12xosA9GIexRzfAACAED/8ASRBKsAFAAcAGGyCB0eERI5sAgQsBXQALAARViwAC8bsQAWPlmwAEVYsAgvG7EIDD5Zsg0ACBESObANL7AAELEPAbAKK1gh2Bv0WbAIELEVAbAKK1gh2Bv0WbANELEYAbAKK1gh2Bv0WTAxASAAERUUBgQjIgADNSEmISIHJzc2ATI2NyEVFBYCJgEhAUqR/v2c//7kBgMtGv7OmJ9GGaIBAXSODP3zhwSr/tP+92Gf+osBFAEAwvk12wo8/C+HfBR0ewAAAQA+/+wD+wSNABkAbbISGhsREjkAsABFWLACLxuxAhY+WbAARViwCy8bsQsMPlmwAhCxAAGwCitYIdgb9FmyBAACERI5shkLAhESObAZL7EYCLAKK1gh2Bv0WbIFGRgREjmwCxCxEgGwCitYIdgb9FmyDxgSERI5MDEBITUhFwEWFhUUBCMiJDUhFhYzMjY1NCMjNQJ3/fEDagH+3Ziz/vni0/7/ASECZ1hZYNGEA6Pqvv7gFbqLqr+8pj4+SUWbxwADAED/8AR+BJ0AEQAYAB8Ag7IEICEREjmwBBCwEtCwBBCwGdAAsABFWLANLxuxDRY+WbAARViwBC8bsQQMPlmwDRCxEgGwCitYIdgb9FmyFg0EERI5fLAWLxi0MBZAFgJdssAWAV20QBZQFgJxtNAW4BYCcbAEELEZAbAKK1gh2Bv0WbAWELEcAbAKK1gh2Bv0WTAxARQCBiMiJgInNTQSNjMyFhIXASIGByEmJgMyNjchFhYEfob5np/5iAGG+KGe94kB/eFqfBEB7hJ/ZGR+Ev4UEn4CL6v++o6MAQOpNKwBBo+M/vuqAVOCenqC/SGCd3eCAAABAEAAAAQ/BJ0AJgDesiQnKBESOQCwAEVYsB0vG7EdFj5ZsABFWLAMLxuxDAw+WbIGHQwREjmwBi+yXwYBXbSvBr8GAl203wbvBgJdsg8GAV2yfwYBcbAB0LABL7YfAS8BPwEDXbavAb8BzwEDXbIAAQFdsQICsAorWCHYG/RZsp8CAV2wBhCxBwKwCitYIdgb9FmynwcBXbAMELEKAbAKK1gh2Bv0WbAO0LAP0LAHELAR0LAGELAT0LACELAW0LABELAY0LABELAh0LJbIQFdsgshAV2wHRCxIwGwCitYIdgb9FmyXyMBXTAxASEVIRcVIRUhBgchFSE1MzY3IzUzNScjNTM1JjYzMhYVITQjIgYXAfsBc/6WAgFo/nEXIQKY/EcKKhaQoQKfmgbjxsvj/t+LQ0YFAs6oKhyoLSLp6QtEqA05qAzV7s28oXBrAAABAEf/8AO8BJ8AIgC/sgEjJBESOQCwAEVYsBYvG7EWFj5ZsABFWLAJLxuxCQw+WbIiFgkREjmwIi+y/yIBXbIPIgFxsg8iAV20ECIgIgJdsQACsAorWCHYG/RZsp8AAV2wCRCxBAGwCitYIdgb9FmwABCwDNCwIhCwDtCwIhCwE9CwEy+2HxMvEz8TA120rxO/EwJdsgATAV2xEAKwCitYIdgb9FmynxABXbAWELEbAbAKK1gh2Bv0WbJfGwFdsBMQsB3QsBAQsB/QMDEBIRYWMzI3FwYjIiQnIzUzNSM1MzYkMzIXByYjIgchFSEVIQNm/p0TaF1Sdhh0bNH+8x6YkJCZHgEK0XVuFmVoricBYv6TAW0BdE5NGuQfyrqoTKm80iHkHKWpTAAABABjAAAH1QSfAAMADwAdACcAsrIeKCkREjmwHhCwAdCwHhCwBNCwHhCwENAAsABFWLAjLxuxIxY+WbAARViwJi8bsSYWPlmwAEVYsAYvG7EGFj5ZsABFWLAeLxuxHgw+WbAARViwIS8bsSEMPlmwBhCwDdCwDS+wA9CwAy9ACwADEAMgAzADQAMFXbEAArAKK1gh2Bv0WbANELETArAKK1gh2Bv0WbAGELEaArAKK1gh2Bv0WbIgIx4REjmyJSMeERI5MDElITUhATQ2IBYVFRQGICY1FxQWMzI2NzU0JiMiBhUBIQERIREhAREhB5r9uwJF/Ya/ATbAvv7Kwa9aU1BYAl1PTl3+o/7f/jT+3gEiAcwBIeGUAduWubicPJa4uJsFV2ViVEdXZGNb/LMC1v0qBI39KQLXAAACACgAAATpBI0AFgAfAJeyACAhERI5sBjQALAARViwDC8bsQwWPlmwAEVYsAIvG7ECDD5ZsBbQsBYvsAfQsQQJsAorWCHYG/RZQAlvBH8EjwSfBARdsAHQsBYQsArQsAovsv8KAV20DwofCgJxtB8KLwoCXbEJCbAKK1gh2Bv0WUAJbwl/CY8JnwkEXbAU0LAKELAX0LAMELEfAbAKK1gh2Bv0WTAxJSEVITUjNTM1IzUzESEyBBUUBCMjFSEBMzI2NTQmIyMDSf7i/t/i4uLiAgTYAQP+/t3fAR7+4uNXZGRY4oSEhNBB0AIo1Kqrz0EBEVpIRlYAAAEAMP/1ArUDIAAkAJ+yHiUmERI5ALAARViwDS8bsQ0SPlmwAEVYsBcvG7EXDD5ZsgEXDRESOXywAS8YstABAV22oAGwAcABA3G0UAFgAQJxtJABoAECXbQgATABAnKwDRCxBgKwCitYIdgb9FmyCQ0XERI5sAEQsCOwCitY2BvcWbISIwEREjmyGxcNERI5slYbAV20NRtFGwJdsBcQsR4CsAorWCHYG/RZMDEBMzI1NCYjIgYVIzQ2MzIWFRQHFhUUBiMiJjUzFBYzMjY1NCcjARFSdzkxKjvNqYORq4eWt5SOrM5ENDw1elwB1lgjKh8dZnt3a3cyKY9pf4VyIjE1I1wBAAACADUAAALAAxUACgAOAEoAsABFWLAJLxuxCRI+WbAARViwBC8bsQQMPlmyAQkEERI5sAEvsQICsAorWCHYG/RZsAbQsAEQsAvQsggLBhESObINCQQREjkwMQEzFSMVIzUhJwEzATM1BwJoWFjN/qYMAWXO/pGiDgFGp5+fhwHv/jHUFgABAEX/9QKxAxUAGwBysg0cHRESOQCwAEVYsAIvG7ECEj5ZsABFWLANLxuxDQw+WbACELEDArAKK1gh2Bv0WbIHAg0REjmwBy+0kAegBwJdsBiwCitY2BvcWbIFBxgREjmyEQ0HERI5sA0QsRMCsAorWCHYG/RZshsHDRESOTAxExMhFSEHNjMyFhUUBiMiJiczFjMyNTQmIyIGB1c2Aff+sBU/RYSKqouBtALOBGVoOz0yMw0BfQGYoocbhHp7mYVlRnEzPRsKAAIARv/1AsMDJQATAB0AaLIUHh8REjmwFBCwDNAAsABFWLAALxuxABI+WbAARViwDC8bsQwMPlmwABCxAQKwCitYIdgb9FmyBgwAERI5sAYvtJAGoAYCXbAUsAorWNgb3FmyrxQBXbAMELEZArAKK1gh2Bv0WTAxARUiBgc2MzIWFRQGIyImJzU0NjMDIgcVFDMyNjU0AjqSgQ9Fa3aFrYiZrAP06JxPJHQtQgMlqFZaQY95dJ2jlT3Q6/5GMSZ7PjFjAAABADMAAAKyAxUABgAzALAARViwBS8bsQUSPlmwAEVYsAIvG7ECDD5ZsAUQsQQCsAorWCHYG/RZsgAFBBESOTAxAQEjASE1IQKy/rXYAUz+WAJ/AqL9XgJvpgADAEf/9QKyAyAAEgAcACQAkLIHJSYREjmwBxCwFdCwBxCwH9AAsABFWLAQLxuxEBI+WbAARViwBy8bsQcMPlmyIwcQERI5sCMvsi8jAV2yPyMBcrJvIwFxsv8jAXK0DCMcIwJdsBWwCitY2BvcWbKvFQFdsgIVIxESObIMIxUREjmwBxCxGgKwCitYIdgb9FmwEBCxHwKwCitYIdgb9FkwMQEUBxYVFAYjIiY1NDcmNTQ2IBYDNCMiFRQWMzI2AzQjIhUUMzICoG+Bo5GQp4NxngEKn7pqZzkwLzkTV1VXVQJAcjg8gGx5eWyBOzpwaHh2/kRRUSgtLQFsSUlNAAIAQ//0Aq4DIAAUAB4AdLIVHyAREjmwFRCwCNAAsABFWLAILxuxCBI+WbAARViwEC8bsRAMPlmyAhAIERI5sAIvtJ8CrwICXbYMAhwCLAIDXbAQELERArAKK1gh2Bv0WbACELAVsAorWNgb3FmyvxUBXbAIELEaArAKK1gh2Bv0WTAxAQYjIiY1NDYzMhYXFRQGIyM1MjY2JzI3NTQjIgYVFAHdQ1B7jLKDkKUB3ekRal42VD8haSw7AS80g4N4p6eZO9jZox5BnSZNdUY3awABAI0CiQNIA0AAAwAesgEEBRESOQCwAi+ywAIBXbEBB7AKK1gh2Bv0WTAxASE1IQNI/UUCuwKJtwAAAwCQBFgC0gbBAAMADwAZAEwAsA0vsAfQsAcvsALQsAIvQBs/Ak8CXwJvAn8CjwKfAq8CvwLPAt8C7wL/Ag1dsg8CAXGwANCwAC+yTwABXbANELAS0LAHELAY0DAxASEFIwc0NjMyFhUUBiMiJjcUFjI2NTQmIgYBzQEF/vS0gnVVVHNwV1hycDRMMDBMNAbBz+NObWxPTWprTCYyMiYpMjIAAQBjAAADvASNAAsAXQCwAEVYsAYvG7EGFj5ZsABFWLAELxuxBAw+WbILBAYREjmwCy+ynwsBcrQ5C0kLAl2xAAGwCitYIdgb9FmwBBCxAgGwCitYIdgb9FmwBhCxCAGwCitYIdgb9FkwMQEhFSEVIREhFSEVIQNm/h8CNvyoA1n9yQHhAeX96ASN6tUAAAP/+/5KBB8ETgArADcARACgsgdFRhESObAHELAx0LAHELA70ACwAEVYsCgvG7EoFD5ZsABFWLAWLxuxFg4+WbAoELAr0LArL7EAArAKK1gh2Bv0WbIHFigREjmwBy+yDgcWERI5sA4vsTcJsAorWCHYG/RZsh03DhESObIhBygREjmwFhCxMQmwCitYIdgb9FmwBxCxOwmwCitYIdgb9FmwKBCxQgmwCitYIdgb9FkwMQEjFhUVFAQjIicGFRQWFzMWFhUUBgYjIiYmNTQ2NyY1NDcmJjU1NCQzMhchAQYVFBYzMjY1NCMnAxQWMzI2NTU0JiIGFQQffTz++s5ORBk5P8i0xpH9nZTifWZaLXRjbQEE0lpOAW39LkB8Z3eUkewqZ1FMaGWiZQOgV2sWntIQGyImIQECnY9bq2VGgE5PgicxS3JMMaNkFqXLFPvVIkk7RUs4YQECv0BWVEQUQlNTRQAAAgBJ/+sEXQROABAAHABwshodHhESObAaELAJ0ACwAEVYsAkvG7EJFD5ZsABFWLAMLxuxDBQ+WbAARViwAi8bsQIMPlmwAEVYsA8vG7EPDD5ZsgAMDxESObILDA8REjmwAhCxEwGwCitYIdgb9FmwCRCxGgGwCitYIdgb9FkwMSUGIyICJycQEjMyFzczAxMjARAzMjY3NSYmIyIGA0Rw18HoCgHqzNJuGP9sc//+Dc1abQoHbFxjbKi9AQrkPAEFATS9qf3i/eQCAP7UkYlCkaOsAAACAIQAAAT7BbAAFgAeAGOyGB8gERI5sBgQsBbQALAARViwAy8bsQMYPlmwAEVYsAEvG7EBDD5ZsABFWLAQLxuxEAw+WbIXAwEREjmwFy+xAAGwCitYIdgb9FmyCgAXERI5sAMQsR0BsAorWCHYG/RZMDEBESERITIEFRQGBxYTFRQXFSEmJzU0JyUzMjU0JiMhAbD+1AJA9QEIeorvBkn+zDwFzf739u52bP7+Ajn9xwWw3c9xoTdF/vdVwzkcL75r2wbywmVrAAEAhAAABToFsAAMAFQAsABFWLAELxuxBBg+WbAARViwCC8bsQgYPlmwAEVYsAIvG7ECDD5ZsABFWLALLxuxCww+WbIGAgQREjmwBi+xAQGwCitYIdgb9FmyCgEGERI5MDEBIxEhESERMwEhAQEhAl2t/tQBLIkBZAFu/j8B8P6aAlP9rQWw/bkCR/1P/QEAAAEAcQAABE4GAAAMAFQAsABFWLAELxuxBBo+WbAARViwCC8bsQgUPlmwAEVYsAIvG7ECDD5ZsABFWLALLxuxCww+WbIHCAIREjmwBy+xAAGwCitYIdgb9FmyCgAHERI5MDEBIxEhESERMxMhAQEhAe1b/t8BIVH2AU7+rQF6/rMBwP5ABgD8pQGV/hH9tQABAIQAAAUcBbAACgBTsggLDBESOQCwAEVYsAMvG7EDGD5ZsABFWLAGLxuxBhg+WbAARViwAS8bsQEMPlmwAEVYsAkvG7EJDD5ZsgADARESObIFAwEREjmyCAAFERI5MDEBESERIREBIQEBIQGw/tQBLAHZAXT91gJJ/okChf17BbD9fwKB/S79IgABAHEAAARGBhgACgBTsggLDBESOQCwAEVYsAYvG7EGFD5ZsABFWLADLxuxAxo+WbAARViwAS8bsQEMPlmwAEVYsAkvG7EJDD5ZsgAGARESObIFBgEREjmyCAUAERI5MDEBESERIREBIQEBIQGS/t8BIQE0AVX+cAG7/qkB2v4mBhj8jQGV/gn9vQACAGMAAAQ0BI0ACwAVAEiyFRYXERI5sBUQsAvQALAARViwAS8bsQEWPlmwAEVYsAAvG7EADD5ZsAEQsQwBsAorWCHYG/RZsAAQsQ0BsAorWCHYG/RZMDEzESEyBBYXFRQCBCMDETMyNjc1NCYnYwGOpAEIlQKT/vmmb2+UhwKFjgSNjP2eN5/+/48Do/1Fl6M8p5sDAAABAED/8ARSBJ0AGQBQsgoaGxESOQCwAEVYsAovG7EKFj5ZsABFWLADLxuxAww+WbIOCgMREjmwChCxEAGwCitYIdgb9FmwAxCxFgGwCitYIdgb9FmyGQMKERI5MDEBBgQjIgADNRAAMzIEFyEmIyIDFRQWMzI2NwRRDP7r4vP+6QQBG/HiARAU/t8K2+QHb35tbwUBj7/gASkBBUIBBQE44sfA/sFKs6BYXwAAAwBjAAAEIgSNAA4AFgAeALSyGB8gERI5sBgQsALQsBgQsBHQALAARViwAS8bsQEWPlmwAEVYsAAvG7EADD5ZshcBABESObAXL7RsF3wXAl20rxe/FwJdsp8XAXG0jxefFwJyss8XAXGyPxcBcbL/FwFxsg8XAXKy/BcBXbIMFwFxsjkXAV2xDwiwCitYIdgb9Fm01g/mDwJdslYPAV2yCA8XERI5sAAQsRABsAorWCHYG/RZsAEQsR0BsAorWCHYG/RZMDEzESEyFhUUBgcWFhUUBiMDFTMyNjU0JyczMjU0JiMjYwHC6fpbVWJo7uPMzFRcmeOyr1VXtQSNpZ1YhR8ZjFytoQHl/UM3fwTDekY7AAL//wAABK0EjQAHAAoARwCwAEVYsAQvG7EEFj5ZsABFWLACLxuxAgw+WbAARViwBi8bsQYMPlmyCQQCERI5sAkvsQABsAorWCHYG/RZsgoEAhESOTAxJSEHIQEhASEBIQMDNv49Uv7eAc0BEAHR/tz+OAElk97eBI37cwGyAYoAAQCFBEkBqgYWAAgAFgCwAEVYsAAvG7EAGj5ZsATQsAQvMDEBFwYHByM1NjYBFZVBAgHhAU8GFk52g4aMZLIAAAIAagTJAx8GbgANABEAVgCwAy+ycAMBXbAH0LAHL0ALDwcfBy8HPwdPBwVdsAMQsQoKsAorWCHYG/RZsAcQsA3QsA0vsAcQsBHQsBEvsA/QsA8vQA0vDz8PTw9fD28Pfw8GXTAxARQGIyImNTMUFjMyNjUlMxcjAx++nZy+v1FKS1D+est6lwWyaYB/ajY6PDS8uwAC/JoEu/7iBn8AEwAXAJ4AsAMvsg8DAV2ycAMBXbAG0LAGL0APDwYfBi8GPwZPBl8GbwYHXbADELAJ0LAJL7AGELENCrAKK1gh2Bv0WbADELEQCrAKK1gh2Bv0WbANELAT0LADELAW0HywFi8Ysg8WAXFAEw8WHxYvFj8WTxZfFm8WfxaPFgldsBTQsBQvQA8PFB8ULxQ/FE8UXxRvFAddsBYQsBfQGbAXLxgwMQEUBiMiJiMiBhUnNDYzMhYzMjY1JzMHI/7iX0U5iCkcJnheRSuXKBsohNG0nQWDTGlDMSUiSmxCMSTZwwACAIME7ASgBoIABgAKAE8AsAMvsnADAV2wBdCwBS+wANCwAC9ACw8AHwAvAD8ATwAFXbIGBQAREjkZsAYvGLAC0BmwAi8YsgQDABESObADELAJ0LAJL7AH0LAHLzAxATMFIycHIwEzAyMBoKMBHdiXl9cDNufjpwXS5n5+AZb+8AAAAv9FBOYDYQZ8AAYACgBdALADL7JwAwFdsAHQsAEvsAbQsAYvQAsPBh8GLwY/Bk8GBV2yBAMGERI5GbAELxiwANAZsAAvGLICAwYREjmwAxCwCNCwCC+wCtCwCi9ACw8KHwovCj8KTwoFXTAxASMnByMlMwUjAzMDYdeXl9gBHaP+iqfi5gTmf3/nYAEPAAIAhATsBBwGwAAGABUAYACwAy+ycAMBXbAF0LAFL0ALDwUfBS8FPwVPBQVdsgQDBRESORmwBC8YsADQGbAALxiwAxCwAdCwAS+yAgUDERI5sAfQsAcvsA7QsA4vsA3QsggHDRESObIUDgcREjkwMQEjJwcjJTMXJzY2NTQjNzIWFRQGBwcDYc+foM8BGK66DT43eQaRkkM7AQTshobmZ3IDGRo8cVdNMEMHNwACAIQE7ANhBscABgAaAKUAsAMvsnADAV2wBNAZsAQvGLAA0BmwAC8YsAMQsAHQsAEvsAMQsAXQsAUvQBMPBR8FLwU/BU8FXwVvBX8FjwUJXbICBQMREjmwCtCwCi9ADT8KTwpfCm8KfwqPCgZdsA3QsA0vQA8PDR8NLw0/DU8NXw1vDQddsAoQsBDQsBAvsA0QsRQKsAorWCHYG/RZsAoQsRcKsAorWCHYG/RZsBQQsBrQMDEBIycHIyUzNxQGIyImIyIGFSc0NjMyFjMyNjUDYc+foM8BIJ60UDkugiMYHWVOOCmGJRgeBOx+fuHVQVtAKh0dQVw+Lx0AAQBjAAADqAXEAAcAM7IDCAkREjkAsABFWLAGLxuxBhY+WbAARViwBC8bsQQMPlmwBhCxAgGwCitYIdgb9FkwMQEhESERIREhAocBIf3d/t4CJAXE/d/8XQSNAAACAGoExgMfBm4ADAAQAFoAsAMvsnADAV2wBtCwBi9ACw8GHwYvBj8GTwYFXbADELEJCrAKK1gh2Bv0WbAGELAM0LAML7AGELAQ0LAQL7AN0LANL0ARDw0fDS8NPw1PDV8Nbw1/DQhdMDEBFAYgJjUzFBYzMjY1JzMHIwMfvf7EvL9RSktQb8uvlwWwaIKBaTY6PDS+uwACAGoEyQMjBwoADQAcAFcAsAMvsnADAV2wB9CwBy9ACw8HHwcvBz8HTwcFXbADELEKCrAKK1gh2Bv0WbAHELAN0LANL7AHELAO0LAOL7AV0LAVL7AU0LIPFA4REjmyGw4VERI5MDEBFAYjIiY1MxQWMzI2NScnNjY1NCM3MhYVFAYHFQMju6Giu8BPTkpR+g9HQIwHqqtLSAWwZ4CAZzE6OTIeawMXGDVqUEctOwg1//8ARwKNArIFuAEHAccAAAKYABMAsABFWLAKLxuxChg+WbAQ0DAxAP//ADUCmALABa0BBwIgAAACmAATALAARViwCS8bsQkYPlmwDdAwMQD//wBFAo0CsQWtAQcCIQAAApgAEACwAEVYsAEvG7EBGD5ZMDH//wBGAo0CwwW9AQcCIgAAApgAEwCwAEVYsAAvG7EAGD5ZsBTQMDEA//8AMwKYArIFrQEHAiMAAAKYABAAsABFWLAFLxuxBRg+WTAx//8ARwKNArIFuAEHAiQAAAKYABkAsABFWLAQLxuxEBg+WbAV0LAQELAf0DAxAP//AEMCjAKuBbgBBwIlAAACmAATALAARViwCC8bsQgYPlmwGtAwMQAAAQBY/+sFJgXFABwAULIMHR4REjkAsABFWLAMLxuxDBg+WbAARViwAy8bsQMMPlmyEAwDERI5sAwQsRMBsAorWCHYG/RZsAMQsRoBsAorWCHYG/RZshwDDBESOTAxAQYAISIkAic1NBIkMyAAFyEmJiMiAhUVFBIzIBMFJBf+zv76uv7foAKgASK5AQYBNhf+0xSMhpm2s54BASIB5fT++q8BRdQ81gFMtP7w85N9/vzfMOL+/wEJAAEAWP/rBSYFxQAjAF+yDiQlERI5ALAARViwDi8bsQ4YPlmwAEVYsAUvG7EFDD5ZshIOBRESObAOELEVAbAKK1gh2Bv0WbAFELEcAbAKK1gh2Bv0WbIiDgUREjmwIi+xIQGwCitYIdgb9FkwMSUGBgcGIyIkAic1NBIkMyAEFyEmJiMiAhUVFBIzMjY3NSM1IQUmIHJIlK/E/sawA6ABKLoBAQExGv7bEZF9ncHWr2R2Fv8CLLcpTxs5sgFCzEHVAUy4/ed0ff754y7Y/vopF/fdAAIAhAAABRgFsAALABUASLIDFhcREjmwAxCwFdAAsABFWLABLxuxARg+WbAARViwAC8bsQAMPlmwARCxDAGwCitYIdgb9FmwABCxDQGwCitYIdgb9FkwMTMRITIEEhUVFAIEBwMRMzI2NTU0JieEAcXSAUqztf64z5yFz+fdzgWwt/66yCnL/r2zAQS9/DT14ibW9wIAAAIAWP/rBXwFxQARAB8ASLIEICEREjmwBBCwHNAAsABFWLANLxuxDRg+WbAARViwBC8bsQQMPlmwDRCxFQGwCitYIdgb9FmwBBCxHAGwCitYIdgb9FkwMQEUAgQjIiQCNTU0EiQzMgQSFSU0AiMiAhUVFBIzMhI1BXyo/tG6tf7Rr6kBL7m6AS+q/tXIoJ3Ix6CfxwLDzf6yvbgBUdEoywFPvr3+sMsC0gEP/vTfItT+7wEO4AAAAgBY/wMFfAXFABQAIQBIsggiIxESObAIELAY0ACwAEVYsBAvG7EQGD5ZsABFWLAILxuxCAw+WbAQELEYAbAKK1gh2Bv0WbAIELEeAbAKK1gh2Bv0WTAxARQCBxcHJQYjIiQCNTU0EiQgBBIXBTQCIyICFRUUEiASNQV8iHrqv/7eSk68/tKppwEuAXgBLKkC/tXFo6DFxAFGwwLLwP7IYsWp+RG6AVPTGNMBUr25/rLQCd8BDP736RPd/vABDuQAAQCPAAADCASMAAYAMwCwAEVYsAUvG7EFFj5ZsABFWLAALxuxAAw+WbIEAAUREjmwBC+xAwGwCitYIdgb9FkwMSEhEQU1JTMDCP7f/qgCWh8DNGvr2AABAFgAAAQ6BJ0AGQBbsgkaGxESOQCwAEVYsBEvG7ERFj5ZsABFWLAALxuxAAw+WbEYAbAKK1gh2Bv0WbICGAAREjmyAxEYERI5sBEQsQkBsAorWCHYG/RZsgwAERESObIXGBEREjkwMSEhNQE2NjU0JiMiBhUhNDY2MzIWFRQGBwUhBDr8NgH6QzxdUlho/t553Yze711//ucCKLUBpjlhOUFHY050vGi2oGCkb+0AAAEAD/6jBAkEjQAZAFyyEhobERI5ALAML7AARViwAi8bsQIWPlmxAAGwCitYIdgb9FmyBAACERI5sgUMAhESObAFL7AMELERAbAKK1gh2Bv0WbAFELEYCLAKK1gh2Bv0WbIZGAUREjkwMQEhNSEVARYWFRQGBCMiJzcWMzI2NTQmJyM1AmH99wN3/rSr25r+5rnDyjmbp5q3nqliA6Pqpv6PGvewovCAZ91YpYaAfwKKAAACACz+0gR0BIwACgAOAFMAsABFWLAJLxuxCRY+WbAARViwAi8bsQIMPlmwAEVYsAYvG7EGDD5ZsQABsAorWCHYG/RZsAYQsAXQsAUvsggGCRESObAAELAM0LINCQIREjkwMSUzFSMRIREhJwEhASERBwPQpKT+3v2LDQJ/ASX9fgFgFenq/tMBLbcD1vxdAhklAAEAaP6gBDYEjAAcAGCyGh0eERI5ALAOL7AARViwAS8bsQEWPlmxAwGwCitYIdgb9FmyBwEOERI5sAcvsRoBsAorWCHYG/RZsgUHGhESObAOELEUAbAKK1gh2Bv0WbIRFBoREjmyHBoUERI5MDETEyEVIQM2NzISFRQGBiMiJzcWFjMyNjU0JiMiB4xKAzv9sCVSjdPoiPqo6LxYPqFPjJt5bnk5AX0DD/H+0SsC/v/pmPOEeNQvM56FgJJTAAABADz+0gQyBIwABgAmALABL7AARViwBS8bsQUWPlmxAwGwCitYIdgb9FmyAAMFERI5MDEBASEBITUhBDL9y/7eAib9OwP2A+v65wTR6QACAGoExAMcBuQADAAgAIMAsAMvsnADAV2wBtCwBi9ACQ8GHwYvBj8GBF2wAxCxCQqwCitYIdgb9FmwBhCwDNCwDC+wBhCwENCwEC+wE9CwEy9ADw8THxMvEz8TTxNfE28TB12wEBCwFtCwFi+wExCxGgqwCitYIdgb9FmwEBCxHQqwCitYIdgb9FmwGhCwINAwMQEUBiAmNTMUFjMyNjUTFAYjIiYjIgYVJzQ2MzIWMzI2NQMcv/7Mv75QS0lQil9FOYgpHCd4XkYpmiYcJwWwa4GBazQ4ODQBEUxpQzElIkpsQjEkAAEAWv6bAXsAzQADABIAsAQvsALQsAIvsAHQsAEvMDEBIREhAXv+3wEh/psCMgACAED/8AZvBJ0AFQAfAJmyFyAhERI5sBcQsAHQALAARViwCy8bsQsWPlmwAEVYsAwvG7EMFj5ZsABFWLACLxuxAgw+WbAARViwAC8bsQAMPlmwDBCxDgGwCitYIdgb9FmyEQAMERI5sBEvsRIBsAorWCHYG/RZsAIQsRQBsAorWCHYG/RZsBXQsAIQsRYBsAorWCHYG/RZsAsQsRkBsAorWCHYG/RZMDEhIQUiJgInNTQSNjMFIRUhFSEVIRUhBTcRJyIGFRUUFgZu/Tn+up/5iAGG+KEBSALI/ckB4f4fAjb787a4fIGEEIwBA6k0rAEGjxDq1en9EgkCzAqypi6jtgACAGD+vwRfBKAAGAAkAFayGSUmERI5sBkQsAvQALAUL7AARViwCy8bsQsWPlmwFBCxAAGwCitYIdgb9FmyGQsUERI5fLAZLxixBAGwCitYIdgb9FmwCxCxHwGwCitYIdgb9FkwMQUgEwYjIgI1NDY2MzIWEhcVFAIEIyInNxYTMjc1NCYjIgYVFBYB8QEPMnekzOt+4Yuc8YYCj/70sZGeNnjGlVF3bWF4dFgBUVcBEOeS74aG/wCquO3+qbU+2C0B11aykKCmeIGZAAAB/5/+SwGpAQIADAAoALANL7AARViwBC8bsQQOPlmxCQGwCitYIdgb9FmwDRCwDNCwDC8wMQERBgYjIic3FjMyNREBqQLHs01BDis3eAEC/ta+zxHnDKwBH///ADf+owQxBI0BBgJMKAAAEACwAEVYsAIvG7ECFj5ZMDH//wBh/qAELwSMAQYCTvkAABAAsABFWLABLxuxARY+WTAx//8ANP7SBHwEjAEGAk0IAAATALAARViwCS8bsQkWPlmwDdAwMQD//wBUAAAENgSdAQYCS/wAABAAsABFWLARLxuxERY+WTAx//8ATv7SBEQEjAEGAk8SAAAQALAARViwBS8bsQUWPlkwMf//ADP/6wRlBJ8BBgJl5wAAEwCwAEVYsAsvG7ELFj5ZsBLQMDEA//8AX//sBEoFvwMGABr7AAATALAARViwAC8bsQAYPlmwF9AwMQD//wBW/r8EVQSgAQYCU/YAABMAsABFWLALLxuxCxY+WbAf0DAxAP//AF//7AQ3BcQDBgAcAAAAGQCwAEVYsBQvG7EUGD5ZsBrQsBQQsCbQMDEA//8A2QAAA1IEjAEGAkpKAAAQALAARViwBS8bsQUWPlkwMf///63+SwG3BDoCBgCcAAD///+t/ksBtwQ6AgYAnAAA//8AhgAAAacEOgIGAI0AAP////z+ZAGnBDoCJgCNAAAABgCk2wr//wCGAAABpwQ6AgYAjQAAAAEAY//rBDEEnAAhAGEAsABFWLAVLxuxFRY+WbAARViwEC8bsRAMPlmwAEVYsB8vG7EfDD5ZsQIBsAorWCHYG/RZshkfFRESObAZL7EIB7AKK1gh2Bv0WbAZELAK0LAVELENAbAKK1gh2Bv0WTAxJRYzMjY1NCYjIzU3JiMiFREhETY2MzIWFwMWFhUUBiMiJwIOQD9BSXBpU647TpL+5QHb1YTbZOKWptWviGn8MFFETkC12zve/SQC7NfZcnz+9Buig6zLOgAAAgBM/+sEfgSfAA4AHABIsgMdHhESObADELAZ0ACwAEVYsAsvG7ELFj5ZsABFWLADLxuxAww+WbALELESAbAKK1gh2Bv0WbADELEZAbAKK1gh2Bv0WTAxARAAIyIAETU0EjYzMhYSBTQmIyIGBxUUFjMyNjcEfv7e9ff+3IL1oqD0hf7fgnZ1gQKDd3OBAgI+/ur+wwE+ARcLuQELkI3+86WgtrKZP6K2r54AAAEAOAAAA/0FsAAGADMAsABFWLAFLxuxBRg+WbAARViwAS8bsQEMPlmwBRCxAwGwCitYIdgb9FmyAAMFERI5MDEBASEBITUhA/395v7eAhz9WwPFBQ768gTG6gAAAgBv/+wEUgYAAA8AGgBmshMbHBESObATELAM0ACwCS+wAEVYsAwvG7EMFD5ZsABFWLADLxuxAww+WbAARViwBi8bsQYMPlmyBQwGERI5sgoMBhESObAMELETAbAKK1gh2Bv0WbADELEYAbAKK1gh2Bv0WTAxARQCIyInByMRIRE2MzISESU0JiMiBxEWMzI2BFLvyrJrE/oBIWSjz+z+33Vuhjg6hmt2AhH3/tKNeQYA/dl1/tb++giZpGj+Q2mhAAABAET/7AQPBE4AGgBNshUbHBESOQCwAEVYsA4vG7EOFD5ZsABFWLAHLxuxBww+WbEAAbAKK1gh2Bv0WbIDBw4REjmyEg4HERI5sA4QsRUBsAorWCHYG/RZMDElMjY3IQYEIyIAETU0ADMyFhchJiYjIgYHFRACQlBpBAEQBv79v+n+5gEW68v5Bv7wBGhTaXEB1VlIqeEBKQEBFPUBL+fAVGmdmh/+xwACAET/7AQmBgAADwAaAGayGBscERI5sBgQsATQALAHL7AARViwBC8bsQQUPlmwAEVYsA0vG7ENDD5ZsABFWLAJLxuxCQw+WbIGBAkREjmyCwQJERI5sA0QsRMBsAorWCHYG/RZsAQQsRgBsAorWCHYG/RZMDETNDY2MzIXESERIycGIyICJRQWMzI3ESYjIgZEbsuDn2YBIfsUbazD9wEheGqBPTyAa3kCJqL9iXUCJ/oAeY0BM/KOrWoBvWasAAACAET+VgQmBE4AFwAiAIOyICMkERI5sCAQsAvQALAARViwAy8bsQMUPlmwAEVYsAYvG7EGFD5ZsABFWLAVLxuxFQw+WbAARViwCy8bsQsOPlmyBQYVERI5sg4LFRESObEQAbAKK1gh2Bv0WbITBhUREjmwFRCxGwGwCitYIdgb9FmwAxCxIAGwCitYIdgb9FkwMRM0EjMyFzczERQAIyInNxYzMjY1BiMiAiUUFjMyNxEmIyIGRPTHtWYR+/7u+beLLoJziIFkpML3ASF6aII8OYNqegIn+gEtgW38G/T+9UvPOYqecwEx9ZGrZgHFYqkAAAIAPP/sBGAETgAPABsARbIEHB0REjmwBBCwE9AAsABFWLAELxuxBBQ+WbAARViwDC8bsQwMPlmxEwGwCitYIdgb9FmwBBCxGQGwCitYIdgb9FkwMRM0NjYzMgARFRQGBiMiADUFFBYzMjY1NCYjIgY8hPKb7AEng/Gd7/7cASGDb26CgnBuggInnv2M/tD/AAyg+4sBMv0Jlairp42wrgACAG/+YARRBE4AEAAbAHCyGRwdERI5sBkQsA3QALAARViwDS8bsQ0UPlmwAEVYsAovG7EKFD5ZsABFWLAHLxuxBw4+WbAARViwBC8bsQQMPlmyBg0EERI5sgsNBBESObANELEUAbAKK1gh2Bv0WbAEELEZAbAKK1gh2Bv0WTAxARQGBiMiJxEhESEXNjMyEhcFNCYjIgcRFjMyNgRRbcmCpGX+3wEJDGmqye8C/t98aYM4OoNoewISnv2Lcv4CBdpsgP7X+AaTqWH+NWKrAAIARP5gBCYETgAPABoAbbIYGxwREjmwGBCwA9AAsABFWLADLxuxAxQ+WbAARViwBi8bsQYUPlmwAEVYsAgvG7EIDj5ZsABFWLAMLxuxDAw+WbIFAwwREjmyCgMMERI5sRMBsAorWCHYG/RZsAMQsRgBsAorWCHYG/RZMDETNBIzMhc3MxEhEQYjIgI1BRQWMzI3ESYjIgZE8susahT7/t5loMT3ASF7aIE7OoBqewIm+gEuhXH6JgH7bwEx/AiQrF8B0l6sAAIASP/sBB4ETgAWAB4AcbIPHyAREjmwDxCwF9AAsABFWLAILxuxCBQ+WbAARViwAC8bsQAMPlmyGwgAERI5sBsvso8bAV20HxsvGwJxsQwIsAorWCHYG/RZsAAQsRABsAorWCHYG/RZshMADBESObAIELEXAbAKK1gh2Bv0WTAxBSIANTU0NjYzMhIVFSEWFjMyNjcXBgYDIgYHITU0JgJz+P7NfuaV3/79TxGef0edOjdEy6BWbQ8Bk2MUASnwH6H/iv7u/YBzdycgyTA3A3h1axpiZAACAEL+VgQRBE4AGAAjAIOyISQlERI5sCEQsBHQALAARViwAy8bsQMUPlmwAEVYsAYvG7EGFD5ZsABFWLAWLxuxFgw+WbAARViwCy8bsQsOPlmyBQYWERI5sg4LFhESObEQAbAKK1gh2Bv0WbIUBhYREjmwFhCxHAGwCitYIdgb9FmwAxCxIQGwCitYIdgb9FkwMRM0EjMyFzczERQAIyInNxYzMjY1NQYjIgIlFBYzMjcRJiMiBkLjxbVmEfv+7PeyhS1/a4mBZqLA5gEiamSGODeFZmoCJ/8BKIFt/Bbz/vlGzzSIjBRzASz6maNvAbNroQD//wBmAAAC4AWyAAYAFb8AAAMAVv/tBN0EnQAdACYAMwBkALAARViwDS8bsQ0WPlmwAEVYsAAvG7EADD5ZsABFWLAbLxuxGww+WbIUDQAREjmyHAANERI5sAAQsR4BsAorWCHYG/RZsiEADRESObIqDQAREjmwDRCxMQmwCitYIdgb9FkwMQUiJjU0NzY3JiY1NDYzMhYVFAcHFzY1MxQHFyEnBicyNycHBhUUFgMUFhc3NjY1NCYjIgYCEsj0USxxUT/GnafGszbPNPeAyP7HO5i6W0fcLDpTHS4mKS4wPjE2NhOvi29VL0dTgEt6pKaIlnUjz1Rw25THO07mGNwdKjo2PQKOIUAmGxw2JSMyOgABAAcAAAOuBI0ADQBXALAARViwCy8bsQsWPlmwAEVYsAQvG7EEDD5Zsg0ECxESObANL7EAArAKK1gh2Bv0WbAB0LAEELEDAbAKK1gh2Bv0WbABELAG0LANELAM0LAJ0LAI0DAxAQcRIRUhEQc1NxEhETcCkPUCE/zLcnIBIvUCqEf+h+gCDiGmIQHZ/npHAAAC/9cAAAYSBI0ADwASAIiyBRMUERI5sAUQsBHQALAARViwCi8bsQoWPlmwAEVYsAQvG7EEDD5ZsABFWLAILxuxCAw+WbIPCgQREjmwDy+xAAGwCitYIdgb9FmwBBCxAgGwCitYIdgb9FmyEQoEERI5sBEvsQYBsAorWCHYG/RZsAoQsQwBsAorWCHYG/RZshIKBBESOTAxASETIRUhJyEHIQEhFSEXIQEzAwWo/kULAhr80An+nmj+yAJIA8X9+AgBxPw67hIB6f7+5+HhBI3o1P71AdoAAgBjAAAD5wSNAAwAFQBZshUWFxESObAVELAJ0ACwAEVYsAAvG7EAFj5ZsABFWLALLxuxCww+WbICAAsREjmwAi+yDwALERI5sA8vsQkBsAorWCHYG/RZsAIQsQ0BsAorWCHYG/RZMDETIRUzMgQVFAQHIxUhAREzMjY1NCYnYwEifd4BB/7924T+3gEigVpnaFUEjaTXrrLVAdwDAP7FU0pIVQEAAAMAQP/JBH4EvwAXACAAKQBqsgcqKxESObAHELAd0LAHELAm0ACwAEVYsBMvG7ETFj5ZsABFWLAHLxuxBww+WbIaEwcREjmyGxMHERI5sBMQsR0BsAorWCHYG/RZsiMTBxESObIkBxMREjmwBxCxJgGwCitYIdgb9FkwMQEWFxUUAgYjIicHIzcmJzU0EjYzMhc3MwEUFwEmIyIGFSE0JwEWMzI2NQPujASG+Z6iglGojo8DhvihpYBQqPzmGwF1PVZ8gQH6Gv6NO1d0hwP5mfc6q/76jkpxxpr9NqwBBo9Nb/1waEsCCDGypmRJ/fsvtKgAAgA2AAAE+QSNABMAFwCRsgUYGRESObAFELAU0ACwAEVYsAwvG7EMFj5ZsABFWLAQLxuxEBY+WbAARViwAi8bsQIMPlmwAEVYsAYvG7EGDD5ZshMMAhESObATL7YPEx8TLxMDXbEAB7AKK1gh2Bv0WbIVDAIREjmwFS+xBAGwCitYIdgb9FmwABCwCNCwExCwCtCwExCwDtCwABCwFtAwMQEjESERIREhESM1MzUhFSE1IRUzASE1IQT5Wv7g/jP+3lpaASIBzQEgWvy5Ac3+MwNR/K8Bxv46A1G3hYWFhf6nogAAAQBj/ksEcgSNABMAW7ICFBUREjkAsABFWLAMLxuxDBY+WbAARViwDy8bsQ8WPlmwAEVYsAAvG7EADj5ZsABFWLAKLxuxCgw+WbAAELEFAbAKK1gh2Bv0WbIJDAAREjmyDgwAERI5MDEBIic3FjMyNTUBESERIQERIREGBgL2T0EOLTd4/jX+3gEiAcwBIQHH/ksR5wysHgLV/SoEjf0pAtf7T8DR//8AbgH7AqEC5AIGABEAAAAC/+wAAAT5BbAADwAdAF8AsABFWLAFLxuxBRg+WbAARViwAC8bsQAMPlmyBAAFERI5sAQvsp8EAV2xAQewCitYIdgb9FmwEdCwABCxEgGwCitYIdgb9FmwBRCxGwGwCitYIdgb9FmwBBCwHNAwMTMRIzUzESEyBBIVFRQCBAcTIxEzMjY1NTQmIyMRM6C0tAHAwAEvqqf+0L9E25GyurixlNsCgrcCd63+wctDy/7ErgECgv5v69pE3uX+fAAAAv/sAAAE+QWwAA8AHQBkALAARViwBS8bsQUYPlmwAEVYsAAvG7EADD5ZsgQABRESObAEL7JvBAFxsp8EAV2xAQewCitYIdgb9FmwEdCwABCxEgGwCitYIdgb9FmwBRCxGwGwCitYIdgb9FmwBBCwHNAwMTMRIzUzESEyBBIVFRQCBAcTIxEzMjY1NTQmIyMRM6C0tAHAwAEvqqf+0L9E25GyurixlNsCgrcCd63+wctDy/7ErgECgv5v69pE3uX+fAAB/8sAAAQtBgAAGAB2sgwZGhESOQCwFS+wAEVYsAQvG7EEFD5ZsABFWLAHLxuxBww+WbAARViwDy8bsQ8MPlmyLxUBXbIPFQFdshgPFRESObAYL7EAB7AKK1gh2Bv0WbICBAcREjmwBBCxDAGwCitYIdgb9FmwABCwEdCwGBCwE9AwMQEjFTYzIBMRIRE0JiMiBxEhESM1MzUhFTMCht9zrgFgBf7fUF1/Of7fu7sBId8EwPyK/mf9SwKtXVli/P8EwLeJiQABACgAAATKBbAADwBOALAARViwCi8bsQoYPlmwAEVYsAIvG7ECDD5Zsg8KAhESObAPL7EAB7AKK1gh2Bv0WbAE0LAPELAG0LAKELEIAbAKK1gh2Bv0WbAM0DAxASMRIREjNTMRITUhFSERMwPEuP7U19f+SASi/kK4Au39EwLttwEZ8/P+5wAAAf/i/+wCnQVEABwAg7IAHR4REjkAsABFWLABLxuxARQ+WbAARViwGi8bsRoUPlmwAEVYsBEvG7ERDD5ZsAEQsADQsAAvsAEQsQMJsAorWCHYG/RZsgYaERESObAGL7EHB7AKK1gh2Bv0WbARELEMAbAKK1gh2Bv0WbAHELAU0LAGELAW0LADELAY0LAZ0DAxAREzFSMVMxUjFRQWMzI3FQYjIAM1IzUzNSM1MxEBybm51NQuQTAlVVr+0QfGxp6eBUT+9tSbt8o8NAfbGgEx97eb1AEK//8ABwAABVwHNgImACUAAAEHAEQBDwE2ABMAsABFWLAELxuxBBg+WbAM3DAxAP//AAcAAAVcBzYCJgAlAAABBwB1AcQBNgAJALAEL7AN3DAxAP//AAcAAAVcBzYCJgAlAAABBwCeAL0BNgATALAARViwBC8bsQQYPlmwD9wwMQD//wAHAAAFXAczAiYAJQAAAQcApQDGATQACQCwBC+wFtwwMQD//wAHAAAFXAcKAiYAJQAAAAcAagDYATb//wAHAAAFXAePAiYAJQAAAQcAowFfAZUADACwBC+wFNywF9AwMf//AAcAAAVcB84CJgAlAAABBwInAVoBDQASALIvDQFdsi8YAV2yLx4BXTAx//8AVv4xBPsFxAImACcAAAAHAHkBxP////8AggAABFIHOQImACkAAAEHAEQA1gE5ABMAsABFWLAGLxuxBhg+WbAN3DAxAP//AIIAAARSBzkCJgApAAABBwB1AYsBOQATALAARViwBi8bsQYYPlmwDtwwMQD//wCCAAAEUgc5AiYAKQAAAQcAngCEATkAEwCwAEVYsAYvG7EGGD5ZsBDcMDEA//8AggAABFIHDQImACkAAAAHAGoAnwE5////ugAAAcEHOQImAC0AAAEHAET/hgE5ABMAsABFWLACLxuxAhg+WbAF3DAxAP//AJUAAAKfBzkCJgAtAAABBwB1ADoBOQATALAARViwAy8bsQMYPlmwBtwwMQD///+vAAACqwc5AiYALQAAAQcAnv80ATkAEwCwAEVYsAIvG7ECGD5ZsAjcMDEA////rQAAAqkHDQImAC0AAAAHAGr/TwE5//8AggAABSIHMwImADIAAAEHAKUA6AE0AAkAsAUvsBXcMDEA//8AVv/sBS4HNgImADMAAAEHAEQBHQE2ABMAsABFWLAMLxuxDBg+WbAg3DAxAP//AFb/7AUuBzYCJgAzAAABBwB1AdIBNgATALAARViwDS8bsQ0YPlmwIdwwMQD//wBW/+wFLgc2AiYAMwAAAQcAngDLATYAEwCwAEVYsAwvG7EMGD5ZsCPcMDEA//8AVv/sBS4HMwImADMAAAEHAKUA1AE0ABMAsABFWLAMLxuxDBg+WbAi3DAxAP//AFb/7AUuBwoCJgAzAAAABwBqAOYBNv//AHT/7ATQBzYCJgA5AAABBwBEAPkBNgATALAARViwCS8bsQkYPlmwEtwwMQD//wB0/+wE0Ac2AiYAOQAAAQcAdQGuATYACQCwAC+wE9wwMQD//wB0/+wE0Ac2AiYAOQAAAQcAngCnATYAEwCwAEVYsAkvG7EJGD5ZsBXcMDEA//8AdP/sBNAHCgImADkAAAAHAGoAwgE2//8AAgAABO8HNgImAD0AAAEHAHUBiwE2ABMAsABFWLABLxuxARg+WbAL3DAxAP//AET/7AQGBgACJgBFAAABBwBEAIIAAAAJALAXL7Aq3DAxAP//AET/7AQGBgACJgBFAAABBwB1ATcAAAAJALAXL7As3DAxAP//AET/7AQGBgACJgBFAAABBgCeMAAAEwCwAEVYsBcvG7EXFD5ZsC7cMDEA//8ARP/sBAYF/gImAEUAAAEGAKU5/wAJALAXL7A13DAxAP//AET/7AQGBdQCJgBFAAAABgBqSwD//wBE/+wEBgZZAiYARQAAAQcAowDSAF8ADACwFy+wM9ywNtAwMf//AET/7AQGBpkCJgBFAAABBwInAM3/2AA/ALIALAFxsjAsAV2ycCwBXbJQLAFdsnA3AV2yADcBcbJQNwFdsjA3AV2yAD0BcbIwPQFdsnA9AV2yUD0BXTAxAP//AEL+MQP2BE4CJgBHAAAABwB5AUH/////AEj/7AQeBgACJgBJAAABBgBEewAACQCwCC+wHtwwMQD//wBI/+wEHgYAAiYASQAAAQcAdQEwAAAACQCwCC+wINwwMQD//wBI/+wEHgYAAiYASQAAAQYAnikAABMAsABFWLAILxuxCBQ+WbAi3DAxAP//AEj/7AQeBdQCJgBJAAAABgBqRAD///+oAAABqQXxAiYAjQAAAQcARP90//EAEwCwAEVYsAIvG7ECFD5ZsAXcMDEA//8AhgAAAo0F8QImAI0AAAEGAHUo8QATALAARViwAy8bsQMUPlmwBtwwMQD///+dAAACmQXxAiYAjQAAAQcAnv8i//EAEwCwAEVYsAIvG7ECFD5ZsAjcMDEA////mwAAApcFxQImAI0AAAAHAGr/Pf/x//8AaQAABA8F/gImAFIAAAEGAKVR/wAJALADL7Ad3DAxAP//AEL/7ARDBgACJgBTAAABBwBEAJsAAAAJALAEL7Aa3DAxAP//AEL/7ARDBgACJgBTAAABBwB1AVAAAAAJALAEL7Ac3DAxAP//AEL/7ARDBgACJgBTAAABBgCeSQAAEwCwAEVYsAQvG7EEFD5ZsB7cMDEA//8AQv/sBEMF/gImAFMAAAEGAKVS/wAJALAEL7Al3DAxAP//AEL/7ARDBdQCJgBTAAAABgBqZAD//wBo/+wEDwYAAiYAWQAAAQcARACXAAAAEwCwAEVYsAcvG7EHFD5ZsBLcMDEA//8AaP/sBA8GAAImAFkAAAEHAHUBTAAAABMAsABFWLANLxuxDRQ+WbAT3DAxAP//AGj/7AQPBgACJgBZAAABBgCeRQAAEwCwAEVYsAcvG7EHFD5ZsBXcMDEA//8AaP/sBA8F1AImAFkAAAAGAGpgAP//AAP+SwQBBgACJgBdAAABBwB1ARgAAAAJALABL7AT3DAxAP//AAP+SwQBBdQCJgBdAAAABgBqLAD//wAHAAAFXAbiAiYAJQAAAQcAcAC1ATQAEwCwAEVYsAQvG7EEGD5ZsAzcMDEA//8ARP/sBAYFrQImAEUAAAEGAHAo/wAJALAXL7Aq3DAxAP//AAcAAAVcBywCJgAlAAABBwChAPEBNgATALAARViwBC8bsQQYPlmwDdwwMQD//wBE/+wEBgX2AiYARQAAAQYAoWQAABMAsABFWLAXLxuxFxQ+WbAt3DAxAAACAAf+WgVcBbAAFgAZAHeyGRobERI5sBkQsADQALAARViwAC8bsQAYPlmwAEVYsAwvG7EMDj5ZsABFWLABLxuxAQw+WbAARViwFC8bsRQMPlmwDBCwB7AKK1jYG9xZsAEQsBHQsBEvshgAARESObAYL7ESAbAKK1gh2Bv0WbIZAAEREjkwMQEBIwYGFRQzMjcXBiMiJjU0NwMhAyEBAyEDAzsCIVRKUEIhLx1JXGR/hGH98mT+wQIeKgFstwWw+lAqUTVBFJ0sb2KHWQEh/tQFsPxvAiEAAgBE/loEBgROAC0AOACmshc5OhESObAXELAv0ACwAEVYsBcvG7EXFD5ZsABFWLApLxuxKQ4+WbAARViwBC8bsQQMPlmwAEVYsB4vG7EeDD5ZsADQsAAvsgIXHhESObILFx4REjmwCy+yjwsBXbAXELEPAbAKK1gh2Bv0WbISCxcREjl8sBIvGLApELAksAorWNgb3FmwBBCxLgGwCitYIdgb9FmwCxCxMgiwCitYIdgb9FkwMSUmJwYjIiY1NDY3MzU0JiMiBhUhNDY2MzIWFREWFxUjBgYVFDMyNxcGIyImNTQDMjY3NSMiBwcUFgLfEQlpqJ/R//GFTVNJU/7fdNSEyOsBKjBKUEIhLx1JXGR/cEBsGmzZDgFMBSkzdbiMrLgBPktaRj1eoFvJtv4rmk8RKlE1QRSdLG9igwEbOTC6lhE2Rv//AFb/7AT7Bz4CJgAnAAABBwB1AcABPgATALAARViwCy8bsQsYPlmwH9wwMQD//wBC/+wD9gYAAiYARwAAAQcAdQEmAAAACQCwDy+wH9wwMQD//wBW/+wE+wc+AiYAJwAAAQcAngC5AT4AEwCwAEVYsAsvG7ELGD5ZsB/cMDEA//8AQv/sA/YGAAImAEcAAAEGAJ4fAAATALAARViwDy8bsQ8UPlmwH9wwMQD//wBW/+wE+wc2AiYAJwAAAQcAogGlAU8AEwCwAEVYsAsvG7ELGD5ZsCLcMDEA//8AQv/sA/YF+AImAEcAAAEHAKIBCwARAAkAsA8vsCLcMDEA//8AVv/sBPsHPwImACcAAAEHAJ8A0QE+AAkAsAsvsCHcMDEA//8AQv/sA/YGAQImAEcAAAEGAJ83AAAJALAPL7Ah3DAxAP//AIIAAATbBzoCJgAoAAABBwCfADABOQAJALABL7Aa3DAxAP//AEL/7AV/BgEAJgBIAAABBwG6BCsE7gAGALAdLzAx//8AggAABFIG5QImACkAAAEHAHAAfAE3ABMAsABFWLAGLxuxBhg+WbAN3DAxAP//AEj/7AQeBa0CJgBJAAABBgBwIf8ACQCwCC+wHtwwMQD//wCCAAAEUgcvAiYAKQAAAQcAoQC4ATkAEwCwAEVYsAYvG7EGGD5ZsA/cMDEA//8ASP/sBB4F9gImAEkAAAEGAKFdAAATALAARViwCC8bsQgUPlmwIdwwMQD//wCCAAAEUgcxAiYAKQAAAQcAogFwAUoACQCwBi+wEdwwMQD//wBI/+wEHgX4AiYASQAAAQcAogEVABEACQCwCC+wI9wwMQAAAQCC/loEUgWwABsAibIRHB0REjkAsABFWLAWLxuxFhg+WbAARViwDy8bsQ8OPlmwAEVYsAQvG7EEDD5ZsABFWLAULxuxFAw+WbIbFgQREjmwGy+0OhtKGwJdsQABsAorWCHYG/RZsBQQsQIBsAorWCHYG/RZsAPQsA8QsAqwCitY2BvcWbAWELEYAbAKK1gh2Bv0WTAxASERIRUjBgYVFDMyNxcGIyImNTQ3IREhFSERIQPu/cACpJhKUEIhLx1JXGR/dP3HA879XgJAAnf+evEqUTVBFJ0sb2J/VgWw8/6lAAIASP55BB4ETgAkACwAirISLS4REjmwEhCwJdAAsA0vsABFWLAaLxuxGhQ+WbAARViwEi8bsRIMPlmxIgGwCitYIdgb9FmyAhIiERI5sA0QsAiwCitY2BvcWbIpGhIREjmwKS+0HykvKQJxsl8pAXGyjykBXbEeCLAKK1gh2Bv0WbIkEh4REjmwGhCxJQGwCitYIdgb9FkwMSUGBzMGBhUUMzI3FwYjIiY1NDcmADU1NBI2MzISERUhFhYzMjcBIgYHITUmJgQHPnMBSlBCIS8dSVxkfz/W/vt+55Te//1PDo1sp17+x1ZrDwGSAmSvWzUqUTVBFJ0sb2JhRBMBH98fowEBi/7o/v92aoB5AhZ0bBdgaQD//wCCAAAEUgc6AiYAKQAAAQcAnwCcATkACQCwBi+wENwwMQD//wBI/+wEHgYBAiYASQAAAQYAn0EAAAkAsAgvsCLcMDEA//8AXv/sBQIHPgImACsAAAEHAJ4AwAE+ABMAsABFWLAMLxuxDBg+WbAj3DAxAP//AEX+VgQiBgACJgBLAAABBgCeMwAAEwCwAEVYsAMvG7EDFD5ZsCvcMDEA//8AXv/sBQIHNAImACsAAAEHAKEA9AE+ABMAsABFWLAMLxuxDBg+WbAk3DAxAP//AEX+VgQiBfYCJgBLAAABBgChZwAAEwCwAEVYsAMvG7EDFD5ZsCrcMDEA//8AXv/sBQIHNgImACsAAAEHAKIBrAFPAAkAsAwvsCbcMDEA//8ARf5WBCIF+AImAEsAAAEHAKIBHwARAAkAsAMvsCzcMDEA//8AXv36BQIFxAImACsAAAAHAboB7/6P//8ARf5WBCIGuAImAEsAAAEHAjQBMACiAAkAsAMvsCvcMDEA//8AggAABSMHOQImACwAAAEHAJ4A2wE5ABMAsABFWLAHLxuxBxg+WbAQ3DAxAP//AGgAAAQPB3wCJgBMAAABBwCeABUBfAAJALAQL7AV3DAxAP///7IAAAKjBzYCJgAtAAABBwCl/z0BNwATALAARViwAy8bsQMYPlmwB9wwMQD///+gAAACkQXuAiYAjQAAAQcApf8r/+8AEwCwAEVYsAMvG7EDFD5ZsAfcMDEA////1AAAAoYG5QImAC0AAAEHAHD/LAE3ABMAsABFWLACLxuxAhg+WbAF3DAxAP///8IAAAJ0BZ0CJgCNAAABBwBw/xr/7wATALAARViwAi8bsQIUPlmwBdwwMQD////SAAAChgcvAiYALQAAAQcAof9oATkAEwCwAEVYsAIvG7ECGD5ZsAfcMDEA////wAAAAnQF5wImAI0AAAEHAKH/Vv/xABMAsABFWLACLxuxAhQ+WbAH3DAxAP//ABf+XAHBBbACJgAtAAAABgCk9gL//wAD/loBsQXnAiYATQAAAAYApOIA//8AlQAAAcEHMQImAC0AAAEHAKIAHwFKAAkAsAIvsAncMDEA//8Alf/sBk4FsAAmAC0AAAAHAC4CVQAA//8Abf5LA8sF5wAmAE0AAAAHAE4CHwAA//8AKP/sBNYHNgImAC4AAAEHAJ4BXwE2ABMAsABFWLABLxuxARg+WbAT3DAxAP///5f+SwKTBeYCJgCcAAABBwCe/xz/5gATALAARViwDC8bsQwUPlmwEdwwMQD//wCC/joFJQWwAiYALwAAAAcBugGk/s///wBv/iQEWgYAAiYATwAAAAcBugFL/rn//wCCAAAEKwc2AiYAMAAAAQcAdQAuATYAEwCwAEVYsAUvG7EFGD5ZsAjcMDEA//8AfgAAAoQHiAImAFAAAAEHAHUAHwGIABMAsABFWLADLxuxAxo+WbAG3DAxAP//AIL+BgQrBbACJgAwAAAABwG6AXH+m///AFv+BgGgBgACJgBQAAAABwG6ACf+m///AIIAAAQrBbACJgAwAAABBwG6AjgEnQAQALAARViwCi8bsQoYPlkwMf//AH4AAAMPBgEAJgBQAAAABwG6AbsE7v//AIIAAAQrBbACJgAwAAAABwCiAdr93///AH4AAAMpBgAAJgBQAAAABwCiAYv9p///AIIAAAUiBzYCJgAyAAABBwB1AeYBNgATALAARViwCC8bsQgYPlmwDNwwMQD//wBpAAAEDwYAAiYAUgAAAQcAdQFPAAAACQCwAy+wFNwwMQD//wCC/f4FIgWwAiYAMgAAAAcBugHs/pP//wBp/gYEDwROAiYAUgAAAAcBugFU/pv//wCCAAAFIgc3AiYAMgAAAQcAnwD3ATYAEwCwAEVYsAYvG7EGGD5ZsA/cMDEA//8AaQAABA8GAQImAFIAAAEGAJ9gAAATALAARViwAC8bsQAUPlmwF9wwMQD///+SAAAEDwYAAiYAUgAAAQcBuv9eBO0ACQCwAy+wEtwwMQD//wBW/+wFLgbiAiYAMwAAAQcAcADDATQAEwCwAEVYsAwvG7EMGD5ZsCDcMDEA//8AQv/sBEMFrQImAFMAAAEGAHBB/wAJALAEL7Aa3DAxAP//AFb/7AUuBywCJgAzAAABBwChAP8BNgATALAARViwDC8bsQwYPlmwItwwMQD//wBC/+wEQwX2AiYAUwAAAQYAoX0AABMAsABFWLAELxuxBBQ+WbAc3DAxAP//AFb/7AUuBzUCJgAzAAABBwCmAVgBNgAWALAARViwDS8bsQ0YPlmwIdywJdAwMf//AEL/7ARTBf8CJgBTAAABBwCmANYAAAAMALAEL7Ac3LAe0DAx//8AggAABPAHNgImADYAAAEHAHUBZgE2ABMAsABFWLAELxuxBBg+WbAa3DAxAP//AG8AAAMPBgACJgBWAAABBwB1AKoAAAATALAARViwCy8bsQsUPlmwENwwMQD//wCC/gYE8AWwAiYANgAAAAcBugF8/pv//wBQ/gYC0wROAiYAVgAAAAcBugAc/pv//wCCAAAE8Ac3AiYANgAAAQcAnwB3ATYAEwCwAEVYsAQvG7EEGD5ZsB3cMDEA//8AEQAAAyQGAQImAFYAAAEGAJ+8AAATALAARViwCC8bsQgUPlmwEtwwMQD//wBF/+wEogc2AiYANwAAAQcAdQGYATYACQCwCi+wKtwwMQD//wA4/+wD0gYAAiYAVwAAAQcAdQEhAAAACQCwCC+wKNwwMQD//wBF/+wEogc2AiYANwAAAQcAngCRATYAEwCwAEVYsAovG7EKGD5ZsCrcMDEA//8AOP/sA9IGAAImAFcAAAEGAJ4aAAATALAARViwCC8bsQgUPlmwKNwwMQD//wBF/jIEogXEAiYANwAAAAcAeQGgAAD//wA4/ikD0gROAiYAVwAAAAcAeQEo//f//wBF/fwEogXEAiYANwAAAAcBugGh/pH//wA4/fID0gROAiYAVwAAAAcBugEp/of//wBF/+wEogc3AiYANwAAAQcAnwCpATYAEwCwAEVYsAovG7EKGD5ZsCzcMDEA//8AOP/sA9IGAQImAFcAAAEGAJ8yAAATALAARViwCC8bsQgUPlmwKtwwMQD//wAo/gMEygWwAiYAOAAAAQcBugGM/pgACACyUA0BXTAx//8ACv38Ao0FRAImAFgAAAAHAboAyf6R//8AKP45BMoFsAImADgAAAAHAHkBiwAH//8ACv4yAqwFRAImAFgAAAAHAHkAyAAA//8AKAAABMoHNwImADgAAAEHAJ8AlQE2ABMAsABFWLAGLxuxBhg+WbAN3DAxAP//AAr/7ANRBoMAJgBYAAAABwG6Af0FcP//AHT/7ATQBzMCJgA5AAABBwClALABNAAJALAAL7Ac3DAxAP//AGj/7AQPBf4CJgBZAAABBgClTv8AEwCwAEVYsA0vG7ENFD5ZsBTcMDEA//8AdP/sBNAG4gImADkAAAEHAHAAnwE0AAkAsAAvsBHcMDEA//8AaP/sBA8FrQImAFkAAAEGAHA9/wATALAARViwBy8bsQcUPlmwEtwwMQD//wB0/+wE0AcsAiYAOQAAAQcAoQDbATYAEwCwAEVYsAkvG7EJGD5ZsBTcMDEA//8AaP/sBA8F9gImAFkAAAEGAKF5AAATALAARViwBy8bsQcUPlmwFNwwMQD//wB0/+wE0AePAiYAOQAAAQcAowFJAZUADACwAC+wGtywHdAwMf//AGj/7AQPBlkCJgBZAAABBwCjAOcAXwAMALAGL7Aa3LAd0DAx//8AdP/sBNAHNQImADkAAAEHAKYBNAE2AAwAsAAvsBPcsBXQMDH//wBo/+wETwX/AiYAWQAAAQcApgDSAAAAFgCwAEVYsA0vG7ENFD5ZsBPcsBfQMDEAAQB0/p0E0AWwAB8AV7IcICEREjkAsA4vsABFWLAALxuxABg+WbAARViwFy8bsRcYPlmwAEVYsBMvG7ETDD5ZsgQTABESObAOELAJsAorWNgb3FmwExCxHAGwCitYIdgb9FkwMQERFAYHBgYVFDMyNxcGIyImNTQ3IAA1ESERFBYzMhMRBNCMeDg6QiEvHUlcZH8i/v3+1AEsiXn9BAWw/D+l5DsjRy5BFJ0sb2JINgET9AO9/D+PgwEKA8kAAAEAaP5aBA8EOgAfAHeyGiAhERI5ALAARViwFi8bsRYUPlmwAEVYsB0vG7EdFD5ZsABFWLAKLxuxCg4+WbAARViwAC8bsQAMPlmwAEVYsBIvG7ESDD5ZsAoQsAWwCitY2BvcWbAAELAP0LAPL7IQHQAREjmwEhCxGgGwCitYIdgb9FkwMSEGBhUUMzI3FwYjIiY1NDcnBiMiJicRIREUMzI3ESERA/BKUEIhLx1JXGR/gQdrva63AgEhmpM3ASIqUTVBFJ0sb2KGWGWCyMECxf1FqWYC/vvG//8AIwAABt8HNgImADsAAAEHAJ4BkAE2ABMAsABFWLAJLxuxCRg+WbAR3DAxAP//ABwAAAXBBgACJgBbAAABBwCeAPYAAAATALAARViwDC8bsQwUPlmwD9wwMQD//wACAAAE7wc2AiYAPQAAAQcAngCEATYAEwCwAEVYsAEvG7EBGD5ZsAvcMDEA//8AA/5LBAEGAAImAF0AAAEGAJ4RAAATALAARViwAS8bsQEUPlmwE9wwMQD//wACAAAE7wcKAiYAPQAAAAcAagCfATb//wBJAAAEngc2AiYAPgAAAQcAdQGFATYAEwCwAEVYsAcvG7EHGD5ZsAzcMDEA//8ASgAAA8wGAAImAF4AAAEHAHUBGgAAABMAsABFWLAHLxuxBxQ+WbAM3DAxAP//AEkAAASeBy4CJgA+AAABBwCiAWoBRwATALAARViwBy8bsQcYPlmwD9wwMQD//wBKAAADzAX4AiYAXgAAAQcAogD/ABEAEwCwAEVYsAcvG7EHFD5ZsA/cMDEA//8ASQAABJ4HNwImAD4AAAEHAJ8AlgE2ABMAsABFWLAHLxuxBxg+WbAP3DAxAP//AEoAAAPMBgECJgBeAAABBgCfKwAAEwCwAEVYsAcvG7EHFD5ZsA/cMDEA//8AAgAAB0kHQgImAIEAAAEHAHUCtgFCABMAsABFWLAGLxuxBhg+WbAV3DAxAP//AEL/7AaNBgECJgCGAAABBwB1Am0AAQAJALAXL7A/3DAxAP//AF3/oQU1B4ACJgCDAAABBwB1AdsBgAATALAARViwEC8bsRAYPlmwLNwwMQD//wBC/3IEQwX8AiYAiQAAAQcAdQEr//wAEwCwAEVYsAQvG7EEFD5ZsCfcMDEA////kwAABDQEjQImAjAAAAEHAib/Bv9iACwAtL8YzxgCXbKvGQFxsm8ZAXK0HxkvGQJdst8ZAXGyjxkBcbTfGe8ZAl0wMf///5MAAAQ0BI0CJgIwAAABBwIm/wb/YgAsALS/GM8YAl2yrxkBcbJvGQFytB8ZLxkCXbLfGQFxso8ZAXG03xnvGQJdMDH//wAgAAAELwSNAiYB2AAAAQYCJiKXAAgAsgAKAV0wMf////8AAAStBh4CJgIzAAABBwBEALMAHgATALAARViwBC8bsQQWPlmwDNwwMQD/////AAAErQYeAiYCMwAAAQcAdQFoAB4AEwCwAEVYsAUvG7EFFj5ZsA3cMDEA/////wAABK0GHgImAjMAAAEGAJ5hHgATALAARViwBC8bsQQWPlmwD9wwMQD/////AAAErQYbAiYCMwAAAQYApWocABMAsABFWLAFLxuxBRY+WbAO3DAxAP////8AAAStBfICJgIzAAAABgBqfB7/////AAAErQZ3AiYCMwAAAQcAowEDAH0ADACwBC+wFNywF9AwMf////8AAAStBrcCJgIzAAAABwInAP7/9v//AED+NARSBJ0CJgIxAAAABwB5AWYAAv//AGMAAAO8Bh4CJgIoAAABBwBEAIQAHgATALAARViwBi8bsQYWPlmwDdwwMQD//wBjAAADvAYeAiYCKAAAAQcAdQE5AB4AEwCwAEVYsAcvG7EHFj5ZsA7cMDEA//8AYwAAA7wGHgImAigAAAEGAJ4yHgAJALAGL7AQ3DAxAP//AGMAAAO8BfICJgIoAAAABgBqTR7///+YAAABmQYeAiYB4wAAAQcARP9kAB4AEwCwAEVYsAIvG7ECFj5ZsAXcMDEA//8AdgAAAn0GHgImAeMAAAEGAHUYHgATALAARViwAy8bsQMWPlmwBtwwMQD///+NAAACiQYeAiYB4wAAAQcAnv8SAB4AEwCwAEVYsAIvG7ECFj5ZsAjcMDEA////iwAAAocF8gImAeMAAAAHAGr/LQAe//8AYwAABHIGGwImAd4AAAEHAKUAggAcABMAsABFWLAGLxuxBhY+WbAN3DAxAP//AED/8AR+Bh4CJgHdAAABBwBEALgAHgATALAARViwDS8bsQ0WPlmwIdwwMQD//wBA//AEfgYeAiYB3QAAAQcAdQFtAB4ACQCwDS+wItwwMQD//wBA//AEfgYeAiYB3QAAAQYAnmYeABMAsABFWLANLxuxDRY+WbAk3DAxAP//AED/8AR+BhsCJgHdAAABBgClbxwACQCwDS+wK9wwMQD//wBA//AEfgXyAiYB3QAAAAcAagCBAB7//wBd//AEMAYeAiYB1wAAAQcARACdAB4AEwCwAEVYsAkvG7EJFj5ZsBLcMDEA//8AXf/wBDAGHgImAdcAAAEHAHUBUgAeABMAsABFWLAQLxuxEBY+WbAT3DAxAP//AF3/8AQwBh4CJgHXAAABBgCeSx4AEwCwAEVYsAkvG7EJFj5ZsBXcMDEA//8AXf/wBDAF8gImAdcAAAAGAGpmHv////8AAARPBh4CJgHTAAABBwB1ASsAHgATALAARViwAS8bsQEWPlmwC9wwMQD/////AAAErQXKAiYCMwAAAQYAcFkcABMAsABFWLAELxuxBBY+WbAM3DAxAP////8AAAStBhQCJgIzAAABBwChAJUAHgATALAARViwBC8bsQQWPlmwDtwwMQAAAv///loErQSNABYAGQB3shkaGxESObAZELAA0ACwAEVYsAAvG7EAFj5ZsABFWLAMLxuxDA4+WbAARViwAS8bsQEMPlmwAEVYsBQvG7EUDD5ZsAwQsAewCitY2BvcWbABELAR0LARL7IXFAAREjmwFy+xEgmwCitYIdgb9FmyGQAUERI5MDEBASMGBhUUMzI3FwYjIiY1NDcnIQchAQMhAwLcAdFASlBCIS8dSVxkf4lN/j1S/t4BzQsBJZMEjftzKlE1QRSdLG9iilnQ3gSN/SUBiv//AED/8ARSBh4CJgIxAAABBwB1AWMAHgAJALAKL7Ac3DAxAP//AED/8ARSBh4CJgIxAAABBgCeXB4AEwCwAEVYsAovG7EKFj5ZsB7cMDEA//8AQP/wBFIGFgImAjEAAAEHAKIBSAAvAAkAsAovsB/cMDEA//8AQP/wBFIGHwImAjEAAAEGAJ90HgAJALAKL7Ae3DAxAP//ABYAAAQ0Bh8CJgIwAAABBgCfwR4ACQCwAS+wGtwwMQD//wBjAAADvAXKAiYCKAAAAQYAcCocABMAsABFWLAGLxuxBhY+WbAN3DAxAP//AGMAAAO8BhQCJgIoAAABBgChZh4AEwCwAEVYsAYvG7EGFj5ZsA/cMDEA//8AYwAAA7wGFgImAigAAAEHAKIBHgAvAAkAsAYvsBHcMDEAAAEAY/5aA7wEjQAbAIKyERwdERI5ALAARViwFi8bsRYWPlmwAEVYsA8vG7EPDj5ZsABFWLAELxuxBAw+WbAARViwFC8bsRQMPlmyGxYEERI5sBsvsQABsAorWCHYG/RZsBQQsQIBsAorWCHYG/RZsAPQsA8QsAqwCitY2BvcWbAWELEYAbAKK1gh2Bv0WTAxASEVIRUjBgYVFDMyNxcGIyImNTQ3IREhFSEVIQNm/h8CNoFKUEIhLx1JXGR/dP4oA1n9yQHhAeX96CpRNUEUnSxvYn9WBI3q1QD//wBjAAADvAYfAiYCKAAAAQYAn0oeAAkAsAYvsBDcMDEA//8ASf/wBFsGHgImAeUAAAEGAJ5qHgATALAARViwCi8bsQoWPlmwI9wwMQD//wBJ//AEWwYUAiYB5QAAAQcAoQCeAB4AEwCwAEVYsAovG7EKFj5ZsCLcMDEA//8ASf/wBFsGFgImAeUAAAEHAKIBVgAvAAkAsAovsCTcMDEA//8ASf3+BFsEnQImAeUAAAEHAboBjf6TAAgAslAjAV0wMf//AGMAAARzBh4CJgHkAAABBgCebB4AEwCwAEVYsAcvG7EHFj5ZsBDcMDEA////kAAAAoEGGwImAeMAAAEHAKX/GwAcABMAsABFWLADLxuxAxY+WbAH3DAxAP///7IAAAJkBcoCJgHjAAABBwBw/woAHAATALAARViwAi8bsQIWPlmwBdwwMQD///+wAAACZAYUAiYB4wAAAQcAof9GAB4AEwCwAEVYsAIvG7ECFj5ZsAfcMDEA//8AJf5aAa0EjQImAeMAAAAGAKQEAP//AHQAAAGcBhYCJgHjAAABBgCi/i8ACQCwAi+wCdwwMQD//wAg//AEYgYeAiYB4gAAAQcAngDrAB4AEwCwAEVYsAAvG7EAFj5ZsBLcMDEA//8AY/4EBHUEjQImAeEAAAEHAboBE/6ZAAgAslARAV0wMf//AGMAAAOYBh4CJgHgAAABBgB1Dh4AEwCwAEVYsAUvG7EFFj5ZsAjcMDEA//8AY/4EA5gEjQImAeAAAAEHAboBFP6ZAAgAslAKAV0wMf//AGMAAAOYBJACJgHgAAABBwG6AaQDfQAQALAARViwCi8bsQoWPlkwMf//AGMAAAOYBI0CJgHgAAABBwCiAYD9UQAIALJfBgFdMDH//wBjAAAEcgYeAiYB3gAAAQcAdQGAAB4AEwCwAEVYsAgvG7EIFj5ZsAzcMDEA//8AY/36BHIEjQImAd4AAAAHAboBiP6P//8AYwAABHIGHwImAd4AAAEHAJ8AkQAeAAkAsAUvsA7cMDEA//8AQP/wBH4FygImAd0AAAEGAHBeHAAJALANL7Ag3DAxAP//AED/8AR+BhQCJgHdAAABBwChAJoAHgATALAARViwDS8bsQ0WPlmwI9wwMQD//wBA//AEfgYdAiYB3QAAAQcApgDzAB4ADACwDS+wItywJNAwMf//AGMAAARMBh4CJgHaAAABBwB1AQ0AHgAJALAEL7AY3DAxAP//AGP+BARMBI0CJgHaAAABBwG6ASb+mQAIALJQGgFdMDH//wBjAAAETAYfAiYB2gAAAQYAnx4eAAkAsAQvsBrcMDEA//8AOv/wBAEGHgImAdkAAAEHAHUBSgAeAAkAsAovsCncMDEA//8AOv/wBAEGHgImAdkAAAEGAJ5DHgATALAARViwCi8bsQoWPlmwK9wwMQD//wA6/jIEAQSdAiYB2QAAAAcAeQFQAAD//wA6//AEAQYfAiYB2QAAAQYAn1seAAkAsAovsCvcMDEA//8AIP4GBC8EjQImAdgAAAEHAboBOv6bAAgAslAMAV0wMf//ACAAAAQvBh8CJgHYAAABBgCfRB4ACQCwBi+wDNwwMQD//wAg/jwELwSNAiYB2AAAAAcAeQE5AAr//wBd//AEMAYbAiYB1wAAAQYApVQcAAkAsAAvsBzcMDEA//8AXf/wBDAFygImAdcAAAEGAHBDHAAJALAAL7AR3DAxAP//AF3/8AQwBhQCJgHXAAABBgChfx4AEwCwAEVYsBAvG7EQFj5ZsBPcMDEA//8AXf/wBDAGdwImAdcAAAEHAKMA7QB9AAwAsAAvsBrcsB3QMDH//wBd//AEVQYdAiYB1wAAAQcApgDYAB4ADACwAC+wE9ywFdAwMQABAF3+lQQwBI0AHgBXshofIBESOQCwDS+wAEVYsBcvG7EXFj5ZsABFWLAeLxuxHhY+WbAARViwEi8bsRIMPlmyBBIeERI5sA0QsAiwCitY2BvcWbASELEaAbAKK1gh2Bv0WTAxAREUBgcGFRQzMjcXBiMiJjU0NyYmJxEhERYzMjY1EQQwkHxZQiEvHUlcZH8r0e0CASIGw2FlBI39DJXFLD9JQRSdLG9iTT4K4LkC+fz/tFpnAvT//wAfAAAF2wYeAiYB1QAAAQcAngD9AB4AEwCwAEVYsAwvG7EMFj5ZsA/cMDEA/////wAABE8GHgImAdMAAAEGAJ4kHgATALAARViwCC8bsQgWPlmwDdwwMQD/////AAAETwXyAiYB0wAAAAYAaj8e//8ANwAABAQGHgImAdIAAAEHAHUBMgAeABMAsABFWLAILxuxCBY+WbAM3DAxAP//ADcAAAQEBhYCJgHSAAABBwCiARcALwAJALAHL7AP3DAxAP//ADcAAAQEBh8CJgHSAAABBgCfQx4ACQCwBy+wDtwwMQD//wAHAAAFXAZBAiYAJQAAAAcArv9vAAD///6lAAAEUgZCAiYAKQAAAAcArv3LAAH///6pAAAFIwY/AiYALAAAAAcArv3P//7///6qAAABwQZDAiYALQAAAAcArv3QAAL///9p/+wFQgZBACYAMxQAAAcArv6PAAD///6zAAAFUwZBACYAPWQAAAcArv3ZAAD///9/AAAE/QZBACYAuhQAAAcArv6lAAD///9y//UC8AbCAiYAwwAAAQcAr/8M/+sAEgCwAC+wGNywDdCwGBCwG9AwMf//AAcAAAVcBbACBgAlAAD//wCCAAAEvAWwAgYAJgAA//8AggAABFIFsAIGACkAAP//AEkAAASeBbACBgA+AAD//wCCAAAFIwWwAgYALAAA//8AlQAAAcEFsAIGAC0AAP//AIIAAAUlBbACBgAvAAD//wCCAAAGfgWwAgYAMQAA//8AggAABSIFsAIGADIAAP//AFb/7AUuBcQCBgAzAAD//wCCAAAE3QWwAgYANAAA//8AKAAABMoFsAIGADgAAP//AAIAAATvBbACBgA9AAD//wAWAAAFAAWwAgYAPAAA////rQAAAqkHDQImAC0AAAAHAGr/TwE5//8AAgAABO8HCgImAD0AAAAHAGoAnwE2//8ASf/rBHwGQQImALsAAAEHAK4BJwAAAAkAsBMvsCPcMDEA//8AX//sBC8GQQImAL8AAAEHAK4BBAAAAAkAsAgvsCncMDEA//8AbP5hBBcGQQImAMEAAAEHAK4A/QAAAAkAsAMvsBLcMDEA//8Aiv/1Am8GLAImAMMAAAEGAK7m6wATALAARViwDC8bsQwUPlmwD9wwMQD//wBx/+sEEAbSAiYAywAAAQYArxb7ABIAsAAvsB7csBPQsB4QsCHQMDH//wCCAAAEkgQ6AgYAjgAA//8AQv/sBEMETgIGAFMAAP//AIv+YAROBDoCBgB2AAD//wANAAAD+wQ6AgYAWgAAAAEAGf5LBEoESgAdAGqyFB4fERI5ALAARViwAC8bsQAUPlmwAEVYsAUvG7EFFD5ZsABFWLAPLxuxDw4+WbAARViwFS8bsRUOPlmyBAUPERI5sA8QsQsBsAorWCHYG/RZshQFDxESObAAELEaAbAKK1gh2Bv0WTAxEzIWFxcTIQETFhcXNwcGBwYmJicnAyEBAyYjByc2tm2WMmHOASX+mL0tSCAhGR0kWG9nQEDi/uIBd6wuf0EGTwRKaHXbAaj9Iv5ZZQ8EAeUHAgUzgpyR/jMDBAGIcwbaFwD///+s//UCqAW/AiYAwwAAAAcAav9O/+v//wBx/+sEEAXPAiYAywAAAAYAalj7//8AQv/sBEMGQQImAFMAAAEHAK4A/AAAAAkAsAQvsBzcMDEA//8Acf/rBBAGPAImAMsAAAEHAK4A8P/7ABMAsABFWLAALxuxABQ+WbAV3DAxAP//AFP/7AZBBjsCJgDOAAABBwCuAgP/+gAJALAAL7Al3DAxAP//AIIAAARSBw0CJgApAAAABwBqAJ8BOf//AIQAAAQ9BzkCJgCxAAABBwB1AXgBOQATALAARViwBC8bsQQYPlmwCNwwMQAAAQBF/+wEogXEACcAZrISKCkREjkAsABFWLAKLxuxChg+WbAARViwHi8bsR4MPlmyAx4KERI5sg8KHhESObAKELESAbAKK1gh2Bv0WbADELEXAbAKK1gh2Bv0WbIjHgoREjmwHhCxJQGwCitYIdgb9FkwMQE0JiQnJjU0NjYzMhYWFSE0JiMiBhUUFhcEFhUUBCMiJCY1IRQhMjYDdXj+yFv4hfmbnPSH/tR+cm56j4sBAOr+4vKo/uyRAS0BIGt4AX5VW2UxhuN2uWhxzoNkb11MR2AqTeSqvdd71o3xV///AJUAAAHBBbACBgAtAAD///+tAAACqQcNAiYALQAAAAcAav9PATn//wAo/+wD+QWwAgYALgAA//8AhAAABToFsAIGAiwAAP//AIIAAAUlBzYCJgAvAAABBwB1AWQBNgAJALAEL7AP3DAxAP//AB//6wTxBy8CJgDeAAABBwChANkBOQATALAARViwAS8bsQEYPlmwFNwwMQD//wAHAAAFXAWwAgYAJQAA//8AggAABLwFsAIGACYAAP//AIQAAAQ9BbACBgCxAAD//wCCAAAEUgWwAgYAKQAA//8AeAAABRgHLwImANwAAAEHAKEBBwE5ABMAsABFWLAILxuxCBg+WbAN3DAxAP//AIIAAAZ+BbACBgAxAAD//wCCAAAFIwWwAgYALAAA//8AVv/sBS4FxAIGADMAAP//AIQAAAUkBbACBgC2AAD//wCCAAAE3QWwAgYANAAA//8AVv/sBPsFxAIGACcAAP//ACgAAATKBbACBgA4AAD//wAWAAAFAAWwAgYAPAAA//8ARP/sBAYETgIGAEUAAP//AEj/7AQeBE4CBgBJAAD//wBvAAAEHAXxAiYA8AAAAQcAoQCH//sAEwCwAEVYsAgvG7EIFD5ZsA3cMDEA//8AQv/sBEMETgIGAFMAAP//AG/+YAQ9BE4CBgBUAAAAAQBC/+wD9gROABwAP7IWHR4REjkAsABFWLAPLxuxDxQ+WbAARViwCC8bsQgMPlmxAAGwCitYIdgb9FmwDxCxFgGwCitYIdgb9FkwMSUyNjchDgIjIgARNTQAMzIWFyEmJiMiBhUVFBYCMVBkAgEPAXbNfOj+9AEK6Mv1Av7xAmRSZWdm1VhJbrdlAScBBBP6ASrnwFRpk6Uep5L//wAD/ksEAQQ6AgYAXQAA//8AFQAABAMEOgIGAFwAAP//AEj/7AQeBdQCJgBJAAAABgBqRAD//wBvAAADUAX7AiYA7AAAAQcAdQC6//sAEwCwAEVYsAQvG7EEFD5ZsAjcMDEA//8AOP/sA9IETgIGAFcAAP//AG0AAAGxBecCBgBNAAD///+bAAAClwXFAiYAjQAAAAcAav89//H///+h/ksBrAXnAgYATgAA//8AggAABIQF+wImAPEAAAEHAHUBU//7ABMAsABFWLAELxuxBBQ+WbAP3DAxAP//AAP+SwQBBfYCJgBdAAABBgChRQAAEwCwAEVYsAEvG7EBFD5ZsBTcMDEA//8AIwAABt8HNgImADsAAAEHAEQB4gE2ABMAsABFWLALLxuxCxg+WbAO3DAxAP//ABwAAAXBBgACJgBbAAABBwBEAUgAAAATALAARViwCy8bsQsUPlmwDtwwMQD//wAjAAAG3wc2AiYAOwAAAQcAdQKXATYACQCwAS+wD9wwMQD//wAcAAAFwQYAAiYAWwAAAQcAdQH9AAAAEwCwAEVYsAwvG7EMFD5ZsA/cMDEA//8AIwAABt8HCgImADsAAAAHAGoBqwE2//8AHAAABcEF1AImAFsAAAAHAGoBEQAA//8AAgAABO8HNgImAD0AAAEHAEQA1gE2ABMAsABFWLAILxuxCBg+WbAK3DAxAP//AAP+SwQBBgACJgBdAAABBgBEYwAAEwCwAEVYsBAvG7EQFD5ZsBLcMDEA//8APwPZARMGAAIGAAsAAP//AEAD2wJPBgACBgAGAAD//wB8//AD7AWwACYABQAAAAcABQItAAD///+J/ksCnAXnAiYAnAAAAQcAn/80/+YAEwCwAEVYsAwvG7EMFD5ZsBLcMDEA//8AOgPxAXkGAAIGAYUAAP//AIIAAAZ+BzYCJgAxAAABBwB1AowBNgATALAARViwAi8bsQIYPlmwEdwwMQD//wBvAAAGfgYAAiYAUQAAAQcAdQKZAAAACQCwAy+wINwwMQD//wAH/ncFXAWwAiYAJQAAAAcApwFtAAb//wBE/oEEBgROAiYARQAAAAcApwCPABD//wCCAAAEUgc5AiYAKQAAAQcARADWATkAEwCwAEVYsAYvG7EGGD5ZsA3cMDEA//8AeAAABRgHOQImANwAAAEHAEQBJQE5ABMAsABFWLAILxuxCBg+WbAL3DAxAP//AEj/7AQeBgACJgBJAAABBgBEewAAEwCwAEVYsAgvG7EIFD5ZsB/cMDEA//8AbwAABBwF+wImAPAAAAEHAEQApf/7ABMAsABFWLAILxuxCBQ+WbAL3DAxAP//ADQAAAWYBbACBgC5AAD//wBE/iIFsQQ6AgYAzQAA//8ACwAABQgHEwImARkAAAEHAKwEXAElABYAsABFWLAPLxuxDxg+WbAR3LAV0DAx////6gAABCQF4gImARoAAAEHAKwD+v/0ABYAsABFWLARLxuxERQ+WbAT3LAX0DAx//8AQv5LCIcETgAmAFMAAAAHAF0EhgAA//8AVv5LCYcFxAAmADMAAAAHAF0FhgAA//8AQ/4gBJQFwwImANsAAAAHAlEBh/+F//8ARf4hA9sETQImAO8AAAAHAlEBKv+G//8AVv4oBPsFxAImACcAAAAHAlEBw/+N//8AQv4oA/YETgImAEcAAAAHAlEBQP+N//8AAgAABO8FsAIGAD0AAP//ABH+XwQGBDoCBgC9AAD//wCVAAABwQWwAgYALQAA//8AEQAAB/oHLwImANoAAAEHAKECPQE5ABMAsABFWLANLxuxDRg+WbAZ3DAxAP//ACcAAAa6BfECJgDuAAABBwChAbL/+wATALAARViwDS8bsQ0UPlmwGdwwMQD//wCVAAABwQWwAgYALQAA//8ABwAABVwHLAImACUAAAEHAKEA8QE2ABMAsABFWLAELxuxBBg+WbAO3DAxAP//AET/7AQGBfYCJgBFAAABBgChZAAAEwCwAEVYsBcvG7EXFD5ZsC3cMDEA//8ABwAABVwHCgImACUAAAAHAGoA2AE2//8ARP/sBAYF1AImAEUAAAAGAGpLAP//AAIAAAdJBbACBgCBAAD//wBC/+wGjQRQAgYAhgAA//8AggAABFIHLwImACkAAAEHAKEAuAE5ABMAsABFWLAGLxuxBhg+WbAP3DAxAP//AEj/7AQeBfYCJgBJAAABBgChXQAAEwCwAEVYsAgvG7EIFD5ZsCHcMDEA//8AS//rBS4G3gImAVgAAAAHAGoAswEK//8ATv/sBAEETwIGAJ0AAP//AE7/7AQBBdUCJgCdAAAABgBqRgH//wARAAAH+gcNAiYA2gAAAAcAagIkATn//wAnAAAGugXPAiYA7gAAAAcAagGZ//v//wBD/+0ElAcSAiYA2wAAAAcAagCOAT7//wBF/+wD2wXUAiYA7wAAAAYAajgA//8AeAAABRgG5QImANwAAAEHAHAAywE3ABMAsABFWLAILxuxCBg+WbAL3DAxAP//AG8AAAQcBacCJgDwAAABBgBwS/kAEwCwAEVYsAcvG7EHFD5ZsAvcMDEA//8AeAAABRgHDQImANwAAAAHAGoA7gE5//8AbwAABBwFzwImAPAAAAAGAGpu+///AFb/7AUuBwoCJgAzAAAABwBqAOYBNv//AEL/7ARDBdQCJgBTAAAABgBqZAD//wBa/+wFMgXEAgYBFwAA//8AQP/sBEEETgIGARgAAP//AFr/7AUyBwsCJgEXAAAABwBqAPgBN///AED/7ARBBdQCJgEYAAAABgBqWwD//wA+/+wE4gcTAiYA5wAAAAcAagCzAT///wA//+wD7gXUAiYA/wAAAAYAajAA//8AH//rBPEG5QImAN4AAAEHAHAAnQE3AAkAsAEvsBHcMDEA//8AA/5LBAEFrQImAF0AAAEGAHAJ/wAJALABL7AR3DAxAP//AB//6wTxBw0CJgDeAAAABwBqAMABOf//AAP+SwQBBdQCJgBdAAAABgBqLAD//wAf/+sE8Qc4AiYA3gAAAQcApgEyATkAFgCwAEVYsBAvG7EQGD5ZsBfcsBPQMDH//wAD/ksEGwX/AiYAXQAAAQcApgCeAAAAFgCwAEVYsAEvG7EBFD5ZsBPcsBfQMDH//wCJAAAFDAcNAiYA4QAAAAcAagEUATn//wBYAAAD/wXPAiYA+QAAAAYAamP7//8AhQAABnQHDQAmAOYFAAAnAC0EswAAAAcAagGpATn//wCCAAAGEAXPACYA/gAAACcAjQRpAAAABwBqAXr/+///AEL/7AQRBgACBgBIAAD//wAH/pEFXAWwAiYAJQAAAAcArQURAAb//wBE/psEBgROAiYARQAAAAcArQQzABD//wAHAAAFXAe6AiYAJQAAAQcAqwUVATQACQCwBC+wC9wwMQD//wBE/+wEBgaFAiYARQAAAQcAqwSI//8ACQCwFy+wKtwwMQD//wAHAAAFYQeVAiYAJQAAAQcCNwDBARMAFgCwAEVYsAUvG7EFGD5ZsA7csBTQMDH//wBE/+wE1AZgAiYARQAAAQYCNzTeABYAsABFWLAXLxuxFxQ+WbAt3LAz0DAx//8ABgAABVwHlAImACUAAAEHAjgAwQEYABYAsABFWLAELxuxBBg+WbAO3LAT0DAx////ef/sBAYGXwImAEUAAAEGAjg04wAWALAARViwFy8bsRcUPlmwLdywMtAwMf//AAcAAAVcB80CJgAlAAABBwI5AL8BDQAWALAARViwBS8bsQUYPlmwDNywINAwMf//AET/7AROBpgCJgBFAAABBgI5MtgAFgCwAEVYsBcvG7EXFD5ZsCvcsDHQMDH//wAHAAAFXAfPAiYAJQAAAQcCOgDBAQgAFgCwAEVYsAUvG7EFGD5ZsAzcsBXQMDH//wBE/+wEBgaaAiYARQAAAQYCOjTTABYAsABFWLAXLxuxFxQ+WbAr3LA00DAx//8AB/6RBVwHNgImACUAAAAnAJ4AvQE2AQcArQURAAYAEwCwAEVYsAQvG7EEGD5ZsA/cMDEA//8ARP6bBAYGAAImAEUAAAAmAJ4wAAEHAK0EMwAQABMAsABFWLAXLxuxFxQ+WbAu3DAxAP//AAcAAAVcB6UCJgAlAAABBwI8AO0BNwAWALAARViwBC8bsQQYPlmwDtywGtAwMf//AET/7AQGBm8CJgBFAAABBgI8YAEAFgCwAEVYsBcvG7EXFD5ZsC3csDnQMDH//wAHAAAFXAelAiYAJQAAAQcCNQDtATcAFgCwAEVYsAQvG7EEGD5ZsA7csBzQMDH//wBE/+wEBgZvAiYARQAAAQYCNWABABYAsABFWLAXLxuxFxQ+WbAt3LA70DAx//8ABwAABVwIOAImACUAAAEHAj0A5wEuABYAsABFWLAELxuxBBg+WbAO3LAn0DAx//8ARP/sBAYHAwImAEUAAAEGAj1a+QAMALAXL7At3LA40DAx//8ABwAABVwIFwImACUAAAEHAlAA7QEzABYAsABFWLAELxuxBBg+WbAO3LAb0DAx//8ARP/sBAYG4gImAEUAAAEGAlBg/gAWALAARViwFy8bsRcUPlmwLdywOtAwMf//AAf+kQVcBywCJgAlAAAAJwChAPEBNgEHAK0FEQAGABMAsABFWLAELxuxBBg+WbAO3DAxAP//AET+mwQGBfYCJgBFAAAAJgChZAABBwCtBDMAEAATALAARViwFy8bsRcUPlmwLdwwMQD//wCC/pUEUgWwAiYAKQAAAAcArQTUAAr//wBI/osEHgROAiYASQAAAAcArQSQAAD//wCCAAAEUge9AiYAKQAAAQcAqwTcATcACQCwBi+wDNwwMQD//wBI/+wEHgaFAiYASQAAAQcAqwSB//8ACQCwCC+wHtwwMQD//wCCAAAEUgc2AiYAKQAAAQcApQCNATcAEwCwAEVYsAYvG7EGGD5ZsA/cMDEA//8ASP/sBB4F/gImAEkAAAEGAKUy/wAJALAIL7Ap3DAxAP//AIIAAAUoB5gCJgApAAABBwI3AIgBFgAWALAARViwBi8bsQYYPlmwEdywFdAwMf//AEj/7ATNBmACJgBJAAABBgI3Ld4AFgCwAEVYsAgvG7EIFD5ZsCHcsCfQMDH////NAAAEUgeXAiYAKQAAAQcCOACIARsAFgCwAEVYsAYvG7EGGD5ZsA/csBTQMDH///9y/+wEHgZfAiYASQAAAQYCOC3jABYAsABFWLAILxuxCBQ+WbAh3LAm0DAx//8AggAABKIH0AImACkAAAEHAjkAhgEQABYAsABFWLAGLxuxBhg+WbAP3LAT0DAx//8ASP/sBEcGmAImAEkAAAEGAjkr2AAWALAARViwCC8bsQgUPlmwIdywJdAwMf//AIIAAARSB9ICJgApAAABBwI6AIgBCwAWALAARViwBi8bsQYYPlmwD9ywFtAwMf//AEj/7AQeBpoCJgBJAAABBgI6LdMAFgCwAEVYsAgvG7EIFD5ZsB/csCjQMDH//wCC/pUEUgc5AiYAKQAAACcAngCEATkBBwCtBNQACgATALAARViwBi8bsQYYPlmwENwwMQD//wBI/osEHgYAAiYASQAAACYAnikAAQcArQSQAAAAEwCwAEVYsAgvG7EIFD5ZsCLcMDEA//8AlQAAAiwHvQImAC0AAAEHAKsDiwE3AAkAsAIvsATcMDEA//8AhgAAAhoGdQImAI0AAAEHAKsDef/vAAkAsAIvsATcMDEA//8AiP6NAcsFsAImAC0AAAAHAK0DgQAC//8Abf6VAbEF5wImAE0AAAAHAK0DZgAK//8AVv6LBS4FxAImADMAAAAHAK0FHgAA//8AQv6FBEMETgImAFMAAAAHAK0Emf/6//8AVv/sBS4HugImADMAAAEHAKsFIwE0ABMAsABFWLAMLxuxDBg+WbAf3DAxAP//AEL/7ARDBoUCJgBTAAABBwCrBKH//wAJALAEL7Aa3DAxAP//AFb/7AVvB5UCJgAzAAABBwI3AM8BEwAWALAARViwDS8bsQ0YPlmwItywKNAwMf//AEL/7ATtBmACJgBTAAABBgI3Td4AFgCwAEVYsAQvG7EEFD5ZsB3csCPQMDH//wAU/+wFLgeUAiYAMwAAAQcCOADPARgAFgCwAEVYsAwvG7EMGD5ZsCLcsCfQMDH///+S/+wEQwZfAiYAUwAAAQYCOE3jABYAsABFWLAELxuxBBQ+WbAd3LAi0DAx//8AVv/sBS4HzQImADMAAAEHAjkAzQENABYAsABFWLAMLxuxDBg+WbAi3LAm0DAx//8AQv/sBGcGmAImAFMAAAEGAjlL2AAWALAARViwBC8bsQQUPlmwHdywIdAwMf//AFb/7AUuB88CJgAzAAABBwI6AM8BCAAWALAARViwDC8bsQwYPlmwINywKdAwMf//AEL/7ARDBpoCJgBTAAABBgI6TdMAFgCwAEVYsAQvG7EEFD5ZsB3csCTQMDH//wBW/osFLgc2AiYAMwAAACcAngDLATYBBwCtBR4AAAATALAARViwDC8bsQwYPlmwI9wwMQD//wBC/oUEQwYAAiYAUwAAACYAnkkAAQcArQSZ//oAEwCwAEVYsAQvG7EEFD5ZsB7cMDEA//8AUP/sBbsHOQImAJgAAAEHAHUB0QE5ABMAsABFWLANLxuxDRg+WbAp3DAxAP//AED/7AS3BgACJgCZAAABBwB1AVEAAAATALAARViwBC8bsQQUPlmwJdwwMQD//wBQ/+wFuwc5AiYAmAAAAQcARAEcATkAEwCwAEVYsA0vG7ENGD5ZsCjcMDEA//8AQP/sBLcGAAImAJkAAAEHAEQAnAAAABMAsABFWLAELxuxBBQ+WbAk3DAxAP//AFD/7AW7B70CJgCYAAABBwCrBSIBNwATALAARViwDS8bsQ0YPlmwJ9wwMQD//wBA/+wEtwaFAiYAmQAAAQcAqwSi//8AEwCwAEVYsAQvG7EEFD5ZsCPcMDEA//8AUP/sBbsHNgImAJgAAAEHAKUA0wE3ABMAsABFWLANLxuxDRg+WbAq3DAxAP//AED/7AS3Bf4CJgCZAAABBgClU/8AEwCwAEVYsAQvG7EEFD5ZsCbcMDEA//8AUP6LBbsGHgImAJgAAAAHAK0FAgAA//8AQP6CBLcEnwImAJkAAAAHAK0EmP/3//8AdP6LBNAFsAImADkAAAAHAK0E9QAA//8AaP6LBA8EOgImAFkAAAAHAK0ELwAA//8AdP/sBNAHugImADkAAAEHAKsE/wE0AAkAsAAvsBHcMDEA//8AaP/sBA8GhQImAFkAAAEHAKsEnf//AAkAsAYvsBHcMDEA//8AdP/sBlQHQgImAJoAAAEHAHUB2wFCABMAsABFWLAZLxuxGRg+WbAc3DAxAP//AGj/7AU3BewCJgCbAAABBwB1AVD/7AATALAARViwEy8bsRMUPlmwG9wwMQD//wB0/+wGVAdCAiYAmgAAAQcARAEmAUIAEwCwAEVYsBIvG7ESGD5ZsBvcMDEA//8AaP/sBTcF7AImAJsAAAEHAEQAm//sABMAsABFWLANLxuxDRQ+WbAa3DAxAP//AHT/7AZUB8YCJgCaAAABBwCrBSwBQAATALAARViwEi8bsRIYPlmwGtwwMQD//wBo/+wFNwZwAiYAmwAAAQcAqwSh/+oAEwCwAEVYsA0vG7ENFD5ZsBncMDEA//8AdP/sBlQHPwImAJoAAAEHAKUA3QFAABMAsABFWLAZLxuxGRg+WbAd3DAxAP//AGj/7AU3BekCJgCbAAABBgClUuoAEwCwAEVYsBMvG7ETFD5ZsBzcMDEA//8AdP6CBlQGAQImAJoAAAAHAK0FIv/3//8AaP6LBTcEmQImAJsAAAAHAK0EkgAA//8AAv6tBO8FsAImAD0AAAAHAK0EzgAi//8AA/4fBAEEOgImAF0AAAAHAK0Fcv+U//8AAgAABO8HugImAD0AAAEHAKsE3AE0AAkAsAEvsAncMDEA//8AA/5LBAEGhQImAF0AAAEHAKsEaf//AAkAsAEvsBHcMDEA//8AAgAABO8HMwImAD0AAAEHAKUAjQE0ABMAsABFWLABLxuxARg+WbAM3DAxAP//AAP+SwQBBf4CJgBdAAABBgClGv8ACQCwAS+wHNwwMQD//wBC/pUErgYAACYASAAAACcCJgFmAjoBBwBDAJP/dwAhALJgGgFxsrAaAV2yIBoBcbLwGgFdsi8bAV2ynxsBXTAxAP//ACj+mwTKBbACJgA4AAAABwJRAk8AAP//AB/+mwPxBDoCJgD2AAAABwJRAfgAAP//AIn+mwUMBbACJgDhAAAABwJRAqYAAP//AFj+mwP/BDoCJgD5AAAABwJRAZ8AAP//AIT+mwQ9BbACJgCxAAAABwJRAQ0AAP//AG/+mwNQBDoCJgDsAAAABwJRAPIAAP///+X+KgWwBcQCJgFMAAAABwJRAsT/j////7z+MgSyBE4CJgFNAAAABwJRAeP/l///AGgAAAQPBgACBgBMAAAAAv/VAAAExgWwABIAGwBkALAARViwDy8bsQ8YPlmwAEVYsAovG7EKDD5ZsgIKDxESObACL7IODwIREjmwDi+xCwewCitYIdgb9FmwAdCwDhCwEdCwAhCxEwGwCitYIdgb9FmwChCxFAGwCitYIdgb9FkwMQEjFTMgBBUUAAchESM1MzUhFTMDETMyNjU0JicCkOLqAQEBLf7V+P3dq6sBLuLi73OJg3IEQZ7509T+/wIEQbe4uP25/kB+amNzAgAAAv/VAAAExgWwABIAGwBkALAARViwEC8bsRAYPlmwAEVYsAovG7EKDD5ZsgIKEBESObACL7IRAhAREjmwES+xAQewCitYIdgb9FmwC9CwERCwDtCwAhCxEwGwCitYIdgb9FmwChCxFAGwCitYIdgb9FkwMQEjFTMgBBUUAAchESM1MzUhFTMDETMyNjU0JicCkOLqAQEBLf7V+P3dq6sBLuLi73OJg3IEQZ7509T+/wIEQbe4uP25/kB+amNzAgAAAf/lAAAEPQWwAA0ASwCwAEVYsAgvG7EIGD5ZsABFWLACLxuxAgw+WbINCAIREjmwDS+xAAewCitYIdgb9FmwBNCwDRCwBtCwCBCxCgGwCitYIdgb9FkwMQEjESERIzUzESEVIREzAqDw/tSfnwO5/XPwApb9agKWtwJj8/6QAAAB/8YAAANQBDoADQBLALAARViwCC8bsQgUPlmwAEVYsAIvG7ECDD5Zsg0IAhESObANL7EAB7AKK1gh2Bv0WbAE0LANELAG0LAIELEKAbAKK1gh2Bv0WTAxASMRIREjNTMRIRUhFTMCgfH+36mpAuH+QPEBxf47AcW3Ab7q1AAB/8wAAAVOBbAAFAB2ALAARViwCC8bsQgYPlmwAEVYsBAvG7EQGD5ZsABFWLACLxuxAgw+WbAARViwEy8bsRMMPlmyDggCERI5sA4vsQEBsAorWCHYG/RZsgcIAhESObAHL7EEB7AKK1gh2Bv0WbAHELAK0LAEELAM0LISAQ4REjkwMQEjESERIzUzNSEVMxUjFTMBIQEBIQJxrf7UzMwBLMPDiQFkAW7+PwHw/poCU/2tBEq3r6+34QJH/U/9AQAB/6gAAARiBgAAFAB6ALAARViwCC8bsQgaPlmwAEVYsBAvG7EQFD5ZsABFWLACLxuxAgw+WbAARViwEy8bsRMMPlmwAhCwDtCwDi+y3w4BXbEBAbAKK1gh2Bv0WbIHCBAREjmwBy+xBAewCitYIdgb9FmwBxCwCtCwBBCwDNCyEgEOERI5MDEBIxEhESM1MzUhFTMVIxEzEyEBASECAVv+393dASG9vVH2AU7+rQF6/rMBwP5ABLi3kZG3/e0Blf4R/bUAAQACAAAE7wWwAA4AV7IKDxAREjkAsABFWLAILxuxCBg+WbAARViwCy8bsQsYPlmwAEVYsAIvG7ECDD5ZsgYIAhESObAGL7EFB7AKK1gh2Bv0WbAA0LIKCAIREjmwBhCwDtAwMQEjESERIzUzASEBASEBMwPezf7PvWb+eQFJAS0BLwFI/nl2AgL9/gICtwL3/XACkP0JAAABABH+XwQGBDoADgBksgoPEBESOQCwAEVYsAgvG7EIFD5ZsABFWLALLxuxCxQ+WbAARViwAi8bsQIOPlmwAEVYsAAvG7EADD5ZsABFWLAELxuxBAw+WbEGB7AKK1gh2Bv0WbIKCwAREjmwDdCwDtAwMSUjESERIzUzASETEyEBMwNw1f7fxYr+0gEu0MkBLv7SmAv+VAGstwN4/RsC5fyIAAABABYAAAUABbAAEQBkALAARViwCy8bsQsYPlmwAEVYsA4vG7EOGD5ZsABFWLACLxuxAgw+WbAARViwBS8bsQUMPlmyEQsCERI5sBEvsQAHsAorWCHYG/RZsgQLAhESObAH0LARELAJ0LINCwIREjkwMQEjASEBASEBIzUzASEBASEBMwPscAGE/qP+6P7o/qMBhGlb/pUBWQERAREBWf6VYgKP/XEB/v4CAo+3Amr+CgH2/ZYAAAEAFQAABAMEOgARAGQAsABFWLALLxuxCxQ+WbAARViwDi8bsQ4UPlmwAEVYsAIvG7ECDD5ZsABFWLAFLxuxBQw+WbIRDgIREjmwES+xAAewCitYIdgb9FmyBA4CERI5sAfQsBEQsAnQsg0OAhESOTAxASMBIQMDIQEjNTMDIRMTIQMzA296AQ7+ysHA/skBDm9r/AE2srYBNf12AdD+MAFU/qwB0LcBs/69AUP+TQD//wBf/+wELwRNAgYAvwAA////8wAABDYFsAImACoAAAEHAib/Zv5QAA0AsnANAV2yEA0BcTAxAP//AG0CVAXSA0AARgGvggBmZkAA//8ARgAABEkFxAIGABYAAP//AED/7AQzBcQCBgAXAAD//wA3AAAEXwWwAgYAGAAA//8Aaf/sBEIFsAIGABkAAP//AHj/7ARjBb8ABgAaFAD//wBz/+wESwXEAAYAHBQA//8AVv/yBCwFxAAGAB0AAP//AHP/7ARLBcQABgAUFAD//wBe/+wFAgc+AiYAKwAAAQcAdQHHAT4ACQCwDC+wI9wwMQD//wBF/lYEIgYAAiYASwAAAQcAdQE6AAAACQCwAy+wKdwwMQD//wCCAAAFIgc2AiYAMgAAAQcARAExATYAEwCwAEVYsAYvG7EGGD5ZsAvcMDEA//8AaQAABA8GAAImAFIAAAEHAEQAmgAAABMAsABFWLADLxuxAxQ+WbAT3DAxAP//AAcAAAVcByMCJgAlAAABBwCsBIUBNQAWALAARViwBC8bsQQYPlmwDNywENAwMf///+j/7AQGBe4CJgBFAAABBwCsA/gAAAAWALAARViwFy8bsRcUPlmwK9ywL9AwMf//ADwAAARSByYCJgApAAABBwCsBEwBOAAWALAARViwBi8bsQYYPlmwDdywEdAwMf///+H/7AQeBe4CJgBJAAABBwCsA/EAAAAWALAARViwCC8bsQgUPlmwH9ywI9AwMf///usAAAJRByYCJgAtAAABBwCsAvsBOAAWALAARViwAi8bsQIYPlmwBdywCdAwMf///tkAAAI/Bd4CJgCNAAABBwCsAun/8AAWALAARViwAi8bsQIUPlmwBdywCdAwMf//AFb/7AUuByMCJgAzAAABBwCsBJMBNQAWALAARViwDC8bsQwYPlmwINywJNAwMf//AAH/7ARDBe4CJgBTAAABBwCsBBEAAAAWALAARViwBC8bsQQUPlmwG9ywH9AwMf//ABcAAATwByMCJgA2AAABBwCsBCcBNQAWALAARViwBC8bsQQYPlmwGdywHdAwMf///1sAAALTBe4CJgBWAAABBwCsA2sAAAAWALAARViwBy8bsQcUPlmwD9ywE9AwMf//AF//7ATQByMCJgA5AAABBwCsBG8BNQAWALAARViwCC8bsQgYPlmwEtywFtAwMf////3/7AQPBe4CJgBZAAABBwCsBA0AAAAWALAARViwBy8bsQcUPlmwEtywFtAwMf///oUAAAU6BkEAJgDQZAAABwCu/asAAP//AIL+lQS8BbACJgAmAAAABwCtBLAACv//AG/+ggQ+BgACJgBGAAAABwCtBOr/9///AIL+lQTbBbACJgAoAAAABwCtBGcACv//AEL+iwQRBgACJgBIAAAABwCtBKQAAP//AIL+BgTbBbACJgAoAAABBwG6ASj+mwANALJQGgFdsrAaAV0wMQD//wBC/fwEEQYAAiYASAAAAAcBugFl/pH//wCC/pUFIwWwAiYALAAAAAcArQUrAAr//wBo/pUEDwYAAiYATAAAAAcArQSeAAr//wCCAAAFJQc2AiYALwAAAQcAdQFkATYACQCwBC+wD9wwMQD//wBvAAAEWgc4AiYATwAAAQcAdQGbATgACQCwBS+wD9wwMQD//wCC/skFJQWwAiYALwAAAAcArQTjAD7//wBv/rMEWgYAAiYATwAAAAcArQSKACj//wCC/pUEKwWwAiYAMAAAAAcArQSwAAr//wBt/pUBsAYAAiYAUAAAAAcArQNmAAr//wCC/pUGfgWwAiYAMQAAAAcArQXWAAr//wBv/pUGfgROAiYAUQAAAAcArQXdAAr//wCC/o0FIgWwAiYAMgAAAAcArQUrAAL//wBp/pUEDwROAiYAUgAAAAcArQSTAAr//wBW/+wFLgfUAiYAMwAAAQcCNgT4AVUAFgCwAEVYsAwvG7EMGD5ZsCLcsDXQMDH//wCCAAAE3QdCAiYANAAAAQcAdQFoAUIACQCwAy+wF9wwMQD//wBv/mAEPQX3AiYAVAAAAQcAdQGn//cACQCwDC+wHNwwMQD//wCC/pUE8AWwAiYANgAAAAcArQS7AAr//wBi/pUC0wROAiYAVgAAAAcArQNbAAr//wBF/osEogXEAiYANwAAAAcArQTgAAD//wA4/oID0gROAiYAVwAAAAcArQRo//f//wAo/pIEygWwAiYAOAAAAAcArQTLAAf//wAK/osCjQVEAiYAWAAAAAcArQQIAAD//wB0/+wE0AfUAiYAOQAAAQcCNgTUAVUAFgCwAEVYsAkvG7EJGD5ZsBTcsCfQMDH//wAHAAAFNAc/AiYAOgAAAQcApQCvAUAAEwCwAEVYsAYvG7EGGD5ZsArcMDEA//8ADQAAA/sF9AImAFoAAAEGAKUa9QATALAARViwAS8bsQEUPlmwCtwwMQD//wAH/pUFNAWwAiYAOgAAAAcArQT0AAr//wAN/pUD+wQ6AiYAWgAAAAcArQReAAr//wAj/pUG3wWwAiYAOwAAAAcArQXaAAr//wAc/pUFwQQ6AiYAWwAAAAcArQVHAAr//wBJ/pUEngWwAiYAPgAAAAcArQTKAAr//wBK/pUDzAQ6AiYAXgAAAAcArQRkAAr///4X/+wFdAXXACYAM0YAAAcBcf28AAD////dAAAErQUeAiYCMwAAAAcArv8D/t3///72AAAD+AUhACYCKDwAAAcArv4c/uD///7wAAAErwUaACYB5DwAAAcArv4W/tn///7xAAAB1AUhACYB4zwAAAcArv4X/uD///9V//AEiAUeACYB3QoAAAcArv57/t3///66AAAEiwUeACYB0zwAAAcArv3g/t3///9iAAAEkQUfACYB8woAAAcArv6I/t7/////AAAErQSNAgYCMwAA//8AYwAABCIEjQIGAjIAAP//AGMAAAO8BI0CBgIoAAD//wA3AAAEBASNAgYB0gAA//8AYwAABHMEjQIGAeQAAP//AHYAAAGYBI0CBgHjAAD//wBjAAAEdQSNAgYB4QAA//8AYwAABaMEjQIGAd8AAP//AGMAAARyBI0CBgHeAAD//wBA//AEfgSdAgYB3QAA//8AYwAABDUEjQIGAdwAAP//ACAAAAQvBI0CBgHYAAD/////AAAETwSNAgYB0wAA//8AAwAABFwEjQIGAdQAAP///4sAAAKHBfICJgHjAAAABwBq/y0AHv////8AAARPBfICJgHTAAAABgBqPx7//wBjAAADvAXyAiYCKAAAAAYAak0e//8AYwAAA6gGHgImAeoAAAEHAHUBEwAeABMAsABFWLAELxuxBBY+WbAI3DAxAP//ADr/8AQBBJ0CBgHZAAD//wB2AAABmASNAgYB4wAA////iwAAAocF8gImAeMAAAAHAGr/LQAe//8AIP/wA3kEjQIGAeIAAP//AGMAAAR1Bh4CJgHhAAABBwB1AQ0AHgATALAARViwBS8bsQUWPlmwD9wwMQD//wAb/+wEaQYUAiYCAQAAAQcAoQCOAB4AEwCwAEVYsBAvG7EQFj5ZsBTcMDEA/////wAABK0EjQIGAjMAAP//AGMAAAQiBI0CBgIyAAD//wBjAAADqASNAgYB6gAA//8AYwAAA7wEjQIGAigAAP//AGMAAAR2BhQCJgH+AAABBwChAKcAHgATALAARViwCC8bsQgWPlmwDdwwMQD//wBjAAAFowSNAgYB3wAA//8AYwAABHMEjQIGAeQAAP//AED/8AR+BJ0CBgHdAAD//wBjAAAEfASNAgYB7wAA//8AYwAABDUEjQIGAdwAAP//AED/8ARSBJ0CBgIxAAD//wAgAAAELwSNAgYB2AAA//8AAwAABFwEjQIGAdQAAAABAD7+HwP6BJ0AKQCvALAARViwCi8bsQoWPlmwAEVYsBkvG7EZDD5ZsABFWLAYLxuxGA4+WbAKELEDAbAKK1gh2Bv0WbIGChkREjmyJxkKERI5sCcvss8nAXG0rye/JwJdsj8nAXGynycBcbL/JwFdsg8nAXG0byd/JwJdsv8nAXGyDycBcrKPJwFysSYIsAorWCHYG/RZshAmJxESObAZELAW0LIdGQoREjmwGRCxIAGwCitYIdgb9FkwMQE0JiMiBhUhNDYzMhYVFAYHFhYVFAYHESERJiY1IRYWMzI2NTQnIzUzNgLGX1dHWP7e+Mve92hZaGyypf7fnKgBIgJeVl9kxJOdpwM3PUE2LZizp5VZjCgjjl6CrRv+JAHfH66DN0FJQ40DwQQAAQBj/psFUASNAA8AbQCwAS+wAEVYsAkvG7EJFj5ZsABFWLADLxuxAww+WbAARViwBi8bsQYMPlmyCwMJERI5fLALLxiywAsBXbQwC0ALAl20QAtQCwJxsQQBsAorWCHYG/RZsAkQsAzQsAMQsQ4BsAorWCHYG/RZMDEBIREjESERIREhESERIREzBVD+393+M/7eASIBzQEh3f6bAWUBxv46BI3+IgHe/EAAAAEAQP4rBFIEnQAcAGCyDR0eERI5ALAEL7AARViwDS8bsQ0WPlmwAEVYsAMvG7EDDD5ZsABFWLAGLxuxBgw+WbIRDQMREjmwDRCxEwGwCitYIdgb9FmwAxCxGQGwCitYIdgb9FmyHAMNERI5MDEBBgYHESERJgInNRAAMzIEFyEmIyIDFRQWMzI2NwRRCsWi/t+1yAIBG/HiARAU/t8K2+QHb35tbwUBj57UH/4tAdUoAR3dPgEFATjix8D+wUqzoFhfAP////8AAARPBI0CBgHTAAD//wAV/iAF3wSrAiYCFwAAAAcCUQML/4X//wBjAAAEdgXKAiYB/gAAAQYAcGscABMAsABFWLAILxuxCBY+WbAL3DAxAP//ABv/7ARpBcoCJgIBAAABBgBwUhwACQCwAS+wEdwwMQD//wBBAAAFlgSNAgYB8QAA//8Adv/wBYgEjQAmAeMAAAAHAeICDwAA////1wAABhIGAAImAnMAAAAHAHUCZwAA//8AQP/JBH4GHgImAnUAAAAHAHUBbQAe//8AOv38BAEEnQImAdkAAAAHAboBUf6R//8AHwAABdsGHgImAdUAAAAHAEQBTwAe//8AHwAABdsGHgImAdUAAAAHAHUCBAAe//8AHwAABdsF8gImAdUAAAAHAGoBGAAe/////wAABE8GHgImAdMAAAAGAER2Hv//AAf+YAVcBbACJgAlAAAABwCkAYUABv//AET+agQGBE4CJgBFAAAABwCkAKcAEP//AIL+ZARSBbACJgApAAAABwCkAUgACv//AEj+WgQeBE4CJgBJAAAABwCkAQQAAP/////+WgStBI0CJgIzAAAABwCkASYAAP//AGP+YgO8BI0CJgIoAAAABwCkAPcACP//AG3+lQGwBDoCJgCNAAAABwCtA2YACgABAAAFDgCPABYATgAFAAEAAAAAAA4AAAIAAjIABgABAAAAUQBRAFEAUQBRAIwAtwE8AbUCSwLSAu0DGgNIA3sDowPIA98EBgQdBHIEoQT5BX0FwgYrBpQGwgdJB7MHwwfTB/MIGwg7CKIJUAmRChAKZgqqCu8LLwueC94L+gwwDHUMmgzpDScNgQ3PDi8Oiw77DyYPZg+YD+gQMxBkEJ0QwhDaEQARJxFBEVsR1RI4Eo0S6RNXE6kUJhRrFKcU8xU0FVAVvBYHFlcWvBceF10XxBgRGFoYixjaGSMZZxmgGd8Z9ho0GnEapRsEG24b0BwyHFMc7R0fHcUeNR5BHl8fCh8kH2AfoB/1IHIgxSEQITwhXSGPIcEiBSIRIisiPCJNIq4jFCNSI8MkFySAJUoluSYVJogm6CdjJ8Mn3ygtKHcotikIKWUp6yqBKrIrFit9K+ssUCyoLQctOC2gLdEt+S4HLjMuUy6MLrQu+i8wL2Yvgy+gL6kv2TALMC0wRzCJMJEwuDDmMVkxhzHYMggyRTLAMx0zhzP9NHY0qjUdNZg18TY6Nqc21jcvN6A38zhOOKE49jk8OX457zpIOq87Jjt1O+w8UTy0PSo9rT4EPkI+mj7zP2c/3UAYQGNAqEERQUlBj0HOQhlCckLYQyVDi0QHRGBEykU8RWNFuUYnRqBG20ckR2xHtkf5SClIVkjjSRtJX0meSeRKPEqgSutLU0vQTCpMok0UTYdOA05nTqRPBE9jT8xQSlDPUR1RbVHbUktSwFMsU7tUQVTjVXtV+FZmVqtW8ldeV8NYf1k3Wa5aLFp+Wsda/FsYW09bZVt7XE9cwlzdXPhdYV26XixeXF6GXt5fLF84X0RfUF9cX7FgB2BZYKxguGDEYRBhYGHCYhliqWMxYz1jSWOXY9xj6GP0ZEZklmTcZU1lxWYfZnBmfGaIZvVnUWddZ2lndWeBZ+doSWiiaLZo02jfaOtpO2mfaiNql2sFa2tr0mw/bKttHG2PbeduO26Lbt5vWG9kb3BvnG+cb5xvnG+cb5xvnG+cb5xvnG+cb5xvnG+cb6RvrG+2b8Bv53ALcC9wTXBpcHVwgXCzcPNxVnF6cYZxlnG5coJynnK7cs5y4nMqc7R0U3TldPF1r3YVdpd3a3fWeFJ4rnkiebl6G3qxew97c3uNe657z3vpfFV8fXy2fM19An2PfdJ+Un6Sfql+wH75fwZ/MH9Sf15/yYAdgLuBQ4HEgpyCnIQNhHyE0IT8hUeFr4YxhmKGw4clh2+H6Ig7iG2Iu4j0iSWJbom+ie+KKYpUisOLGot3i8OMG4xWjKiMzY0SjUSNYI2qjhKOT47KjzSPl4/Cj/iQb5CjkPCRI5FikdCSLZKNkuyTZpPdlFuUrpTvlUOVmpYXlqCW3pcpl3SXuZf2mDqYe5jHmR+ZK5l5mfOac5rLmw6bi5vinDqcj50anSadfp3MnhyeYZ7PnzSflaAQoLihTaHqomai6aMro4+j8aQepJ2lBaUipXOluqZsptanOqeCp8moDqhTqJ6o9Kl9qb2p3aonqpyq3askq3qr96wlrHCsyKzcrPCtAq0WrSitP61Tra+uGK5jrr6vHq9Jr6Gv+rBDsKKwybE8sVOx1LI6smeyeLKJspyyrbK+stGy5LL3sw2zHrMmsy6zNrNBs0mzrbQDtDG0krTmtUa1v7YPtna22bdEt763xrhGuI64+blMucW6N7qKuoq6krrxu1K7tbv5vGS8e7yNvKS8trzCvNW867z3vQ69Jb08vUi9X712vY29mb2rvcK92b3wvge+E74qvjy+U75fvna+iL6avrC+wb7Mvt+/DL8Yvym/O79Rv1y/c7+Jv6C/rL+9v8+/4b/3wAjAE8AqwEHAV8BiwHTAf8CWwKfAvsDUwT/B4sH5wgvCIsI4wk/CYcJzwoTClsKmwr3CzsLlwvvDDcMfw5DEG8QtxD7EVcRrxILEmMSqxLzEyMTaxPHFA8UaxTHFSMVfxXbFjcWYxaPFtcXBxc3F5MX7xgfGE8YqxkHGTcZZxm7GesaGxpLGqca7xsfG08bqxwDHEscpxzrHUcdnx3/Hksepx8DHzMfYx+/IBcgXyCnIQMhWyGLIbsh6yIbIncizyMTI0MjcyOjI/8kLyR3JM8lFyVvJcsmIyZvJrsnBydnKOMqkyrvK0srpyv/LC8siyznLUMtny37LlMury73L1MvrzA7MMcxBzFjMb8yFzJvMpsy5zMXM0czozP/NEM0bzTLNSM1fzWvNgs2ZzavNwc3Szd7N9c4MziLOLc5EzlrOcc7bzu3PA88VzybPN89Nz2PPdc/iz/PQCdAg0DLQQ9BZ0HDQh9Ce0KnQutDR0OLQ+NEJ0R7RL9FG0VLRZNF10YzRn9Gx0cLR09Hl0fvSB9IY0inSOtJG0lfSaNJ+0pHSpNMA0xfTLdM400/TYdNy037TitOW06LTrtO608bT3NPk0+zT9NP81ATUDNQU1BzUJNQs1DTUPNRE1EzUWNRk1HbUiNSa1LDUxdTN1NXU3dTl1VLVXtVp1XvVktWk1bDVx9Y31j/WS9ZT1lvWbdaE1ozWlNac1qTWu9bD1svW09bb1uPW69bz1vvXA9cL1yLXKtcy14DXiNeQ15vXste618LXztfW1+3YA9ga2DHYQ9ha2GbYctiJ2J/Yp9iv2LvY0tja2PHZA9kP2RvZMtlJ2V/Zdtl+2YbZntm22cLZztna2ebZ8tn+2gbaDtoW2i3aRNpM2mPaedqF2pDamNqg2rfazdrZ2uHa7Nr42wTbENsb2zLbSNtU21/ba9t2237bhtuS253bqdu028bb19vj2+7cBtwe3CrcNdxF3FXcXdxp3HXch9yZ3LHcyNzg3PfdD90m3T7dVd1w3Yrdot253dHd6N4A3hLeKt5B3lzedt6C3o7eoN6y3sne2t7y3wnfId8431DfZ99/35bfsd/L393f79/74AfgE+Af4DbgSOBg4Hfgj+Cm4L7g1eDt4QThH+E54VDhZ+F+4ZXhrOHD4drh8OH84gjiFOIg4jLiROJb4nLiieKg4rfizuLl4vvjB+MT4x/jK+M940/jZuN345njpeOx473jyePV4+Hj7eP55AHkYeTB5QHlQOWg5gLmTuaf5vrnUuda527neOeA54jnkOeY56DnqOew57jnyufc5/PoCugi6DroUuhq6ILomuiy6Mro4uj66RLpKuk26ULpTula6WbpeumG6ZLpnumw6cLpzuna6ebp8un+6grqFuoi6jrqTOpe6mrqduqC6o7qmuqm6r7q1err6vfrA+sP6xvrJ+sz6z/rS+tX62Prb+t764frk+ub66Prq+uz67vrw+vL69Pr2+vj6+vr8+v77APsD+wa7CXsPOxE7EzsWOxg7HfsjuyW7J7spuyu7MXszezV7N3s5ezt7PXs/e0F7Zrt8O5S7lruZu587o3ule6h7q3uue7F7tHu3e7p7vTvAO8M7xjvJO8w7zzvSAAAAAEAAAACIxLqWEw6Xw889QAZCAAAAAAAxPARLgAAAADVAVLW+jD91QmHCHMAAQAJAAIAAAAAAAADjABkAAAAAAAAAAAB/gAAAf4AAAItAHwCkQBABMQAQASXAFwF6ABfBUAARwFLAD8CzwB8AtIAKAOgABsEXgA5AfQAIwMaAG4CUwB+Av3/8wSXAF8ElwCnBJcARgSXAEAElwA3BJcAaQSXAGQElwA9BJcAXwSXAFYCQgB9AhkAOQQSADYElACIBCIAeAP7AC0HKQBLBWIABwUbAIIFPABWBTMAggSAAIIEYgCCBXMAXgWnAIICVQCVBHgAKAUUAIIEVQCCBwIAggWmAIIFhgBWBSkAggWGAFQFGwCCBOsARQTzACgFRAB0BTsABwb/ACMFFQAWBPIAAgTZAEkCOQB4A2AAAAI5AA0DfwAsA5IAAQKlADQESgBEBIEAbwQsAEIEggBCBFMASALeAB0EkQBFBHoAaAIfAG0CFP+hBEYAbwIfAH4G7QBvBHsAaQSGAEIEgQBvBIUAQgLrAG8EHQA4ArQACgR6AGgECwANBeEAHAQSABUEBAADBBIASgKkADACBgCtAqQAIgUwAGoCQgCABJoAYwTBAGMFigBRBEoACgIEAIAFBwBcA7wAXgZGAFYDjQCJA/8ATQRpAH4GRgBWBAIAqAMbAH4ETABZAvsANwL7ADACpwBlBO0AiwPrAEsCaQCMAiQAYgL7AIcDqAB2A/8AVQW+AGUGFwBUBncAXgP7AEUHhQACBEAAQQWDAF0E3gCFBQwAhwbBAEIEmgBUBJAAPwSEAEIEigBxBQsAQgXCACACMQCGBLgAggR2AB0CcgAeBaAAgASEAGwHvwBgBzcAUwITAHUFjwBLAuP/3QWcAFAEpgBABbMAdAThAGgCQf+tBDwATgP3AHsDxABVBAIAqAONAGoCHwB2AqoAdwJoACED2QB1A0gAOQKDAI4AAPyAAAD9VgAA/GEAAP0fAAD78AAA/QcCsgDaBGMAZgJpAIwEdQCEBdkAFAWBAFIFLgAQBIkAXwWpAIQEiQBIBigASQXQADQFYABmBIIASQTQAI4EFQARBIQARARzAF8EAgBMBIQAbAS4AHACsgCKBGMABwQ9AGcFJgA0BIQAcQQeAD8ElABCBCoALAReAHEF9wA2BfQARAaRAFMEwwB1BLr/5waeABQF+wAdBUcAVwh2ACgIeACEBiwAIQWaAHUFAwB/BfsAGQf7ABEE7wBDBZoAeAWmACgFDQAfBogASQYSAHUFkACJB6sAgAgrAIAGKgAZBvkAhQUBAIAFNAA+B4wAjgTG/+QEjgBUBIcAggNaAG8FDQAhBtUAJwQcAEUEigBvBIIAggSMABYGEwCCBIoAbwSKAG8EEwAfBdgARATgAG8EbgBYBp4AbwczAGwFPwAhBp8AggR3AIIEKQA/Bn4AhgR5ACkEev/MBCkAQAbeABUG5ABvBIT/2gSKAG8HkwB3BpAAZAR2/+UHJAB9BgkAdQVJAA8EeQAHB3sAkwZjAH4G+QBtBd4AbwlNAJUIDACGBBwABwQHABwFgQBaBIQAQAUkAAsEFQARBYEAWgSEAEIHkgB3BncAbAeTAHcGkABkBPgAWQRHAFYE+wBrAAD8cwAA/HgAAP2WAAD9pwAA+jAAAPpwBjgAeAU4AG8Edv/lBQgAggSCAG8EcQB/A7EAbAT7AIQEOwBsCI0AEQdFACcF8gCEBTMAggVLAIAE0QCCBpsAJQW5ADoGQACCBTEAbwfhAIIFpgBsCFwAhAbtAGwGbQBeBSoAVQVVABYEVwAVBykAIgV/AC0GJACJBRcAWAVxAG4EewBoBZcAhgYO/+UEyP+8BTIAgASRAIIGQAAoBTgAFgWoAIQEhABsBkQAggU1AG8HmgCCBqMAggWPAEsEoABQBKIAUgTOACUDqwAWBZoAFgScABUFAQBJB0IAdAbUAFoGTQBBBSQALQSvAEEEeQBtB7gAQAbHAD8H9ACBBpoAXQURAEYEPABGBaQAHwUZAEIFPgBqBoEAKAV5ABYDHwBbBBQAAAgpAAAEFAAACCkAAAK5AAACCgAAAVwAAAR/AAACMAAAAaIAAAEAAAAA0QAAAAAAAAMbAG4DGwBuBQ4AmAYbAG0DkQABAd8AaAHWADoB/ABCAawARwM/AHADRQBIAzkAQgROADkEoQBiAuAAhwQsAIUF6wCFAg8AZQetAFcCfgBsAmoAUAORAB4C+wA1A1gAVwTBAGYGgwAlBuEAjQiuAIIGdQAlBvIAbwSXAFkF/QAlBDgAKATAACUFdQBEBaQAMwXgAGQD8wAqCB0AgAUNAHQFEACUBkQAYQbkAEgG0QBXBuAAWwSUAFkFiwCkBQQAOQRyAJMEhQA3CF8AXgJP/6UEnQBlBJQAiAQTADYEIgB4BBIAHwJaAIoCkQBaAdYANAU6AB0E3gAUBOcAHQdtAB0HbQAdBSwAHQbOADgAAAAACCwAVwg1AFwC+gA3AvoAhwL6AEcEKABIBCgATwQoADEEJwBPBCgATwQoADMEKAAvBCgAOAQoAJUEKABPBDEANwRN//8EZAADBf0AHwSI//8EjwBdBFEAIARJADoEdgBjBMAAQQR4AGMEwABABNYAYwYHAGMDugBjBGQAYwPcACACDwB2BNcAYwSiAEkDwwBjBEkAOgSSAEADpwAGA8UAYwSI//8EwABABIj//wOrAEoE4ABjBEIASAXXAEEFjQBBBNEASgWrACAEgwBAB2UAHgdeAGMFuAAgBOAAYwSFAGMFiwAhBnAAFgRKAD4E2gBjBGkAYwTTAB4EbgAbBZAAYwSpAEYGrwBjB18AYwWXAAoGOwBjBHsAYwSDADEGpABjBIMANgQ3AAoG5gAWBL8AYwUWAGMFowAgBiAAQARQ//8E2wADBsMAIASpAEYEqQBjBjEAFQTSAEAETAA+BMAAQASSAEAEAwBHCDsAYwUsACgC+gAwAvoANQL6AEUC+gBGAvoAMwL6AEcC+gBDA9IAjQKqAJAD2wBjBDv/+wStAEkFOQCEBSsAhARHAHEFMACEBEAAcQR1AGMEgwBABG0AYwSs//8CAQCFA50AagAA/JoEBwCDBAf/RQQHAIQEBwCEA8UAYwOdAGoDnQBqAvsARwL7ADUC+wBFAvsARgL7ADMC+wBHAvsAQwVqAFgFkgBYBXIAhAXWAFgF1wBYBGgAjwSCAFgEVwAPBKwALARrAGgELgA8A50AagHZAFoGjgBABKcAYAIb/58ElwA3BJcAYQSXADQElwBUBJcATgSXADMElwBfBJcAVgSXAF8ElwDZAkH/rQJB/60CMQCGAjH//AIxAIYEbQBjBNIATAQ+ADgEkQBvBEYARASYAEQElgBEBJwAPASVAG8EmgBEBFMASASRAEID1ABmBTUAVgPQAAcGUP/XBBQAYwTAAEAFMAA2BNYAYwH+AAADGgBuBVH/7AVR/+wEmP/LBPMAKAK0/+IFYgAHBWIABwViAAcFYgAHBWIABwViAAcFYgAHBTwAVgSAAIIEgACCBIAAggSAAIICVf+6AlUAlQJV/68CVf+tBaYAggWGAFYFhgBWBYYAVgWGAFYFhgBWBUQAdAVEAHQFRAB0BUQAdATyAAIESgBEBEoARARKAEQESgBEBEoARARKAEQESgBEBCwAQgRTAEgEUwBIBFMASARTAEgCMf+oAjEAhgIx/50CMf+bBHsAaQSGAEIEhgBCBIYAQgSGAEIEhgBCBHoAaAR6AGgEegBoBHoAaAQEAAMEBAADBWIABwRKAEQFYgAHBEoARAViAAcESgBEBTwAVgQsAEIFPABWBCwAQgU8AFYELABCBTwAVgQsAEIFMwCCBRgAQgSAAIIEUwBIBIAAggRTAEgEgACCBFMASASAAIIEUwBIBIAAggRTAEgFcwBeBJEARQVzAF4EkQBFBXMAXgSRAEUFcwBeBJEARQWnAIIEegBoAlX/sgIx/6ACVf/UAjH/wgJV/9ICMf/AAlUAFwIfAAMCVQCVBs0AlQQzAG0EeAAoAkH/lwUUAIIERgBvBFUAggIfAH4EVQCCAh8AWwRVAIICtQB+BFUAggL7AH4FpgCCBHsAaQWmAIIEewBpBaYAggR7AGkEe/+SBYYAVgSGAEIFhgBWBIYAQgWGAFYEhgBCBRsAggLrAG8FGwCCAusAUAUbAIIC6wARBOsARQQdADgE6wBFBB0AOATrAEUEHQA4BOsARQQdADgE6wBFBB0AOATzACgCtAAKBPMAKAK0AAoE8wAoAtwACgVEAHQEegBoBUQAdAR6AGgFRAB0BHoAaAVEAHQEegBoBUQAdAR6AGgFRAB0BHoAaAb/ACMF4QAcBPIAAgQEAAME8gACBNkASQQSAEoE2QBJBBIASgTZAEkEEgBKB4UAAgbBAEIFgwBdBIQAQgR1/5MEdf+TBFEAIASs//8ErP//BKz//wSs//8ErP//BKz//wSs//8EgwBAA9sAYwPbAGMD2wBjA9sAYwIP/5gCDwB2Ag//jQIP/4sE1gBjBMAAQATAAEAEwABABMAAQATAAEAEjwBdBI8AXQSPAF0EjwBdBE3//wSs//8ErP//BKz//wSDAEAEgwBABIMAQASDAEAEdQAWA9sAYwPbAGMD2wBjA9sAYwPbAGMEogBJBKIASQSiAEkEogBJBNcAYwIP/5ACD/+yAg//sAIPACUCDwB0A9wAIARkAGMDugBjA7oAYwO6AGMDugBjBNYAYwTWAGME1gBjBMAAQATAAEAEwABABHYAYwR2AGMEdgBjBEkAOgRJADoESQA6BEkAOgRRACAEUQAgBFEAIASPAF0EjwBdBI8AXQSPAF0EjwBdBI8AXQX9AB8ETf//BE3//wQxADcEMQA3BDEANwViAAcEgP6lBaf+qQJV/qoFmv9pBVb+swV0/38Csv9yBWIABwUbAIIEgACCBNkASQWnAIICVQCVBRQAggcCAIIFpgCCBYYAVgUpAIIE8wAoBPIAAgUVABYCVf+tBPIAAgSCAEkEcwBfBIQAbAKyAIoEXgBxBLgAggSGAEIE7QCLBAsADQQSABUCsv+sBF4AcQSGAEIEXgBxBpEAUwSAAIIEdQCEBOsARQJVAJUCVf+tBHgAKAUrAIQFFACCBQ0AHwViAAcFGwCCBHUAhASAAIIFmgB4BwIAggWnAIIFhgBWBakAhAUpAIIFPABWBPMAKAUVABYESgBEBFMASASKAG8EhgBCBIEAbwQsAEIEBAADBBIAFQRTAEgDWgBvBB0AOAIfAG0CMf+bAhT/oQSCAIIEBAADBv8AIwXhABwG/wAjBeEAHAb/ACMF4QAcBPIAAgQEAAMBSwA/ApEAQARaAHwCQf+JAdYAOgcCAIIG7QBvBWIABwRKAEQEgACCBZoAeARTAEgEigBvBdAANAX0AEQFJAALBBX/6giKAEIJigBWBO8AQwQcAEUFPABWBCwAQgTyAAIEFQARAlUAlQf7ABEG1QAnAlUAlQViAAcESgBEBWIABwRKAEQHhQACBsEAQgSAAIIEUwBIBY8ASwQ8AE4EPABOB/sAEQbVACcE7wBDBBwARQWaAHgEigBvBZoAeASKAG8FhgBWBIYAQgWBAFoEhABABYEAWgSEAEAFNAA+BCkAPwUNAB8EBAADBQ0AHwQEAAMFDQAfBAQAAwWQAIkEbgBYBvkAhQafAIIEggBCBWIABwRKAEQFYgAHBEoARAViAAcESgBEBWIABgRK/3kFYgAHBEoARAViAAcESgBEBWIABwRKAEQFYgAHBEoARAViAAcESgBEBWIABwRKAEQFYgAHBEoARAViAAcESgBEBIAAggRTAEgEgACCBFMASASAAIIEUwBIBIAAggRTAEgEgP/NBFP/cgSAAIIEUwBIBIAAggRTAEgEgACCBFMASAJVAJUCMQCGAlUAiAIfAG0FhgBWBIYAQgWGAFYEhgBCBYYAVgSGAEIFhgAUBIb/kgWGAFYEhgBCBYYAVgSGAEIFhgBWBIYAQgWcAFAEpgBABZwAUASmAEAFnABQBKYAQAWcAFAEpgBABZwAUASmAEAFRAB0BHoAaAVEAHQEegBoBbMAdAThAGgFswB0BOEAaAWzAHQE4QBoBbMAdAThAGgFswB0BOEAaATyAAIEBAADBPIAAgQEAAME8gACBAQAAwSgAEIE8wAoBBMAHwWQAIkEbgBYBHUAhANaAG8GDv/lBMj/vAR6AGgFAf/VBQH/1QR1/+UDWv/GBT//zARb/6gE8gACBBUAEQUVABYEEgAVBHMAXwRi//MGGwBtBJcARgSXAEAElwA3BJcAaQSrAHgEvwBzBKsAVgS/AHMFcwBeBJEARQWmAIIEewBpBWIABwRK/+gEgAA8BFP/4QJV/usCMf7ZBYYAVgSGAAEFGwAXAuv/WwVEAF8Eev/9BR7+hQUbAIIEgQBvBTMAggSCAEIFMwCCBIIAQgWnAIIEegBoBRQAggRGAG8FFACCBEYAbwRVAIICHwBtBwIAggbtAG8FpgCCBHsAaQWGAFYFKQCCBIEAbwUbAIIC6wBiBOsARQQdADgE8wAoArQACgVEAHQFOwAHBAsADQU7AAcECwANBv8AIwXhABwE2QBJBBIASgXM/hcErP/dBBf+9gUT/vACS/7xBMr/VQSJ/roE2/9iBKz//wRtAGMD2wBjBDEANwTXAGMCDwB2BGQAYwYHAGME1gBjBMAAQAR4AGMEUQAgBE3//wRkAAMCD/+LBE3//wPbAGMDxQBjBEkAOgIPAHYCD/+LA9wAIARkAGMEbgAbBKz//wRtAGMDxQBjA9sAYwTaAGMGBwBjBNcAYwTAAEAE4ABjBHgAYwSDAEAEUQAgBGQAAwRKAD4E1wBjBIMAQARN//8GMQAVBNoAYwRuABsF1wBBBesAdgZQ/9cEwABABEkAOgX9AB8F/QAfBf0AHwRN//8FYgAHBEoARASAAIIEUwBIBKz//wPbAGMCMQBtAAEAAAds/gwAAAmK+jD+NQmHAAEAAAAAAAAAAAAAAAAAAAUOAAMEpwK8AAUAAAWaBTMAAAEfBZoFMwAAA9EAZgIAAAACAAAAAAAAAAAA4AAC/1AAIFsAAAAgAAAAAEdPT0cAIAAA//0GAP4AAGYHmgIAIAABnwAAAAAEOgWwACAAIAADAAAAAQAABRAJCwQAAAICAgMFBQcGAQMDBAUCAwMDBQUFBQUFBQUFBQMCBQUFBAgGBgYGBQUGBgMFBgUIBgYGBgYGBgYGCAYGBQMEAwQEAwUFBQUFAwUFAgIFAggFBQUFAwUDBQUHBQUFAwIDBgMFBQYFAgYEBwQFBQcFBAUDAwMGBAMCAwQFBgcHBAgFBgUGCAUFBQUGBgIFBQMGBQkIAgYDBgUGBQMFBAQFBAIDAwQEAwAAAAAAAAMFAwUHBgYFBgUHBwYFBQUFBQUFBQMFBQYFBQUFBQcHBwUFBwcGCgoHBgYHCQYGBgYHBwYJCQcIBgYIBQUFBAYIBQUFBQcFBQUHBQUHCAYHBQUHBQUFCAgFBQkHBQgHBgUIBwgHCgkFBQYFBgUGBQkHCQcGBQYAAAAAAAAHBgUGBQUEBgUKCAcGBgUHBgcGCQYJCAcGBgUIBgcGBgUGBwUGBQcGBgUHBgkHBgUFBQQGBQYICAcGBQUJCAkHBgUGBgYHBgQFCQUJAwICBQICAQEABAQGBwQCAgICBAQEBQUDBQcCCQMDBAMEBQcICgcIBQcFBQYGBwQJBgYHCAgIBQYGBQUJAwUFBQUFAwMCBgUGCAgGCAAJCQMDAwUFBQUFBQUFBQUFBQUHBQUFBQUFBQUFBwQFBAIFBQQFBQQEBQUFBAUFBwYFBgUICAYFBQYHBQUFBQUGBQgIBgcFBQcFBQgFBgYHBQUIBQUHBQUFBQUJBgMDAwMDAwMEAwQFBQYGBQYFBQUFBQIEAAUFBQUEBAQDAwMDAwMDBgYGBwcFBQUFBQUEAgcFAgUFBQUFBQUFBQUDAwICAgUFBQUFBQUFBQUFBQQGBAcFBQYFAgMGBgUGAwYGBgYGBgYGBQUFBQMDAwMGBgYGBgYGBgYGBgUFBQUFBQUFBQUFBQICAgIFBQUFBQUFBQUFBQUGBQYFBgUGBQYFBgUGBQYGBQUFBQUFBQUFBQYFBgUGBQYFBgUDAgMCAwIDAgMIBQUDBgUFAgUCBQMFAwYFBgUGBQUGBQYFBgUGAwYDBgMGBQYFBgUGBQYFBgMGAwYDBgUGBQYFBgUGBQYFCAcGBQYFBQUFBQUICAYFBQUFBQUFBQUFBQUEBAQEAgICAgUFBQUFBQUFBQUFBQUFBQUFBQUEBAQEBAUFBQUFAgICAgIEBQQEBAQFBQUFBQUFBQUFBQUFBQUFBQUFBQUFBwUFBQUFBgUGAwYGBgMGBgUFBgMGCAYGBgYGBgMGBQUFAwUFBQYFBQMFBQUHBQUGAwMFBgYGBgYFBQYIBgYGBgYGBgUFBQUFBQUFBQQFAgICBQUIBwgHCAcGBQEDBQMCCAgGBQUGBQUHBwYFCgsGBQYFBgUDCQgDBgUGBQgIBQUGBQUJCAYFBgUGBQYFBgUGBQYFBgUGBQYFBgUIBwUGBQYFBgUGBQYFBgUGBQYFBgUGBQYFBgUFBQUFBQUFBQUFBQUFBQUFAwIDAgYFBgUGBQYFBgUGBQYFBgUGBQYFBgUGBQYFBgUGBQYFBgUGBQYFBgUGBQYFBQYFBgUFBAcFBQYGBQQGBQYFBgUFBQcFBQUFBQUFBQYFBgUGBQUFAwIGBQYDBgUGBgUGBQYFBgUGBQYFBQIICAYFBgYFBgMGBQYDBgYFBgUIBwUFBwUFBgMFBQUFBQQFBQIFBwUFBQUFBQIFBAQFAgIEBQUFBQQEBQcFBQUFBQUFBQUFBQcFBQcHBwUFBwcHBQYFBQUFBAIAAAADAAAAAwAAABwAAwABAAAAHAADAAoAAAaKAAQGbgAAAPQAgAAGAHQAAAACAA0AfgCgAKwArQC/AMYAzwDmAO8A/gEPAREBJQEnATABUwFfAWcBfgF/AY8BkgGhAbAB8AH/AhsCNwJZArwCxwLJAt0C8wMBAwMDCQMPAyMDigOMA5IDoQOwA7kDyQPOA9ID1gQlBC8ERQRPBGIEbwR5BIYEnwSpBLEEugTOBNcE4QT1BQEFEAUTHgEePx6FHvEe8x75H00gCSALIBEgFSAeICIgJyAwIDMgOiA8IEQgdCB/IKQgqiCsILEguiC9IQUhEyEWISIhJiEuIV4iAiIGIg8iEiIaIh4iKyJIImAiZSXK7gL2w/sE/v///f//AAAAAAACAA0AIACgAKEArQCuAMAAxwDQAOcA8AD/ARABEgEmASgBMQFUAWABaAF/AY8BkgGgAa8B8AH6AhgCNwJZArwCxgLJAtgC8wMAAwMDCQMPAyMDhAOMA44DkwOjA7EDugPKA9ED1gQABCYEMARGBFAEYwRwBHoEiASgBKoEsgS7BM8E2ATiBPYFAgURHgAePh6AHqAe8h70H00gACAKIBAgEyAXICAgJSAwIDIgOSA8IEQgdCB/IKMgpiCrILEguSC8IQUhEyEWISIhJiEuIVsiAiIGIg8iESIaIh4iKyJIImAiZCXK7gH2w/sB/v///P//AAEAAP/2/+QB2P/CAcz/wQAAAb8AAAG6AAABtgAAAbQAAAGyAAABqgAAAaz/Fv8H/wX++P7rAe4AAAAA/mX+RAEj/dj91/3J/bT9qP2n/aL9nf2KAAD//v/9AAAAAP0KAAD/3vz+/PsAAPy6AAD8sgAA/KcAAPyhAAD8mQAA/JEAAP8oAAD/JQAA/F4AAOXi5aLlU+V+5OflfOV94XLhc+FvAADhbOFr4WnhYeOp4VnjoeFQ4SHhFwAA4PIAAODt4Obg5eCe4JHgj+CE35TgeeBN36rerN+e353flt+T34ffa99U31Hb7RO3CvcGuwLDAccAAQAAAAAAAAAAAAAAAAAAAAAA5AAAAO4AAAEYAAABMgAAATIAAAEyAAABdAAAAAAAAAAAAAAAAAAAAXQBfgAAAAAAAAAAAAAAAAAAAAAAAAAAAAAAAAFsAAAAAAF0AZAAAAGoAAAAAAAAAcAAAAIIAAACMAAAAlIAAAJiAAACjgAAApoAAAK+AAACzgAAAuIAAAAAAAAAAAAAAAAAAAAAAAAAAALSAAAAAAAAAAAAAAAAAAAAAAAAAAACwgAAAsIAAAAAAAAAAAAAAAAAAAAAAAAAAAAAAAAAAAAAAAAAAAAAAAAAAAAAAAAAAAAAAAAAAAAAAAACfwKAAoECggKDAoQAgQJ7Ao8CkAKRApICkwKUAIIAgwKVApYClwKYApkAhACFApoCmwKcAp0CngKfAIYAhwKqAqsCrAKtAq4CrwCIAIkCsAKxArICswK0AIoCegCLAIwCfACNAuMC5ALlAuYC5wLoAI4C6QLqAusC7ALtAu4C7wLwAI8AkALxAvIC8wL0AvUC9gL3AJEAkgL4AvkC+gL7AvwC/QCTAJQDDAMNAxADEQMSAxMCfQJ+AoUCoAMrAywDLQMuAwoDCwMOAw8ArgCvA4YAsAOHA4gDiQCxALIDkAORA5IAswOTA5QAtAOVA5YAtQOXALYDmAC3A5kDmgC4A5sAuQC6A5wDnQOeA58DoAOhA6IDowDEA6UDpgDFA6QAxgDHAMgAyQDKAMsAzAOnAM0AzgPkA60A0gOuANMDrwOwA7EDsgDUANUA1gO0A+UDtQDXA7YA2AO3A7gA2QO5ANoA2wDcA7oDswDdA7sDvAO9A74DvwPAA8EA3gDfA8IDwwDqAOsA7ADtA8QA7gDvAPADxQDxAPIA8wD0A8YA9QPHA8gA9gPJAPcDygPmA8sBAgPMAQMDzQPOA88D0AEEAQUBBgPRA+cD0gEHAQgBCQSBA+gD6QEXARgBGQEaA+oD6wPtA+wBKAEpASoBKwSAASwBLQEuAS8BMASCBIMBMQEyATMBNAPuA+8BNQE2ATcBOASEBIUD8APxBHcEeAPyA/MEhgSHBH8BTAFNBH0EfgP0A/UD9gFOAU8BUAFRAVIBUwFUAVUEeQR6AVYBVwFYBAEEAAQCBAMEBAQFBAYBWQFaBHsEfAQbBBwBWwFcAV0BXgSIBIkBXwQdBIoBbwFwAYEBggSMBIsBlwR2AZ0ADAAAAAALvAAAAAAAAAD5AAAAAAAAAAAAAAABAAAAAgAAAAIAAAACAAAADQAAAA0AAAADAAAAIAAAAH4AAAAEAAAAoAAAAKAAAAJ4AAAAoQAAAKwAAABjAAAArQAAAK0AAAJ5AAAArgAAAL8AAABvAAAAwAAAAMUAAAJ/AAAAxgAAAMYAAACBAAAAxwAAAM8AAAKGAAAA0AAAANAAAAJ7AAAA0QAAANYAAAKPAAAA1wAAANgAAACCAAAA2QAAAN0AAAKVAAAA3gAAAN8AAACEAAAA4AAAAOUAAAKaAAAA5gAAAOYAAACGAAAA5wAAAO8AAAKhAAAA8AAAAPAAAACHAAAA8QAAAPYAAAKqAAAA9wAAAPgAAACIAAAA+QAAAP0AAAKwAAAA/gAAAP4AAACKAAAA/wAAAQ8AAAK1AAABEAAAARAAAAJ6AAABEQAAAREAAACLAAABEgAAASUAAALGAAABJgAAASYAAACMAAABJwAAAScAAAJ8AAABKAAAATAAAALaAAABMQAAATEAAACNAAABMgAAATcAAALjAAABOAAAATgAAACOAAABOQAAAUAAAALpAAABQQAAAUIAAACPAAABQwAAAUkAAALxAAABSgAAAUsAAACRAAABTAAAAVEAAAL4AAABUgAAAVMAAACTAAABVAAAAV8AAAL+AAABYAAAAWEAAAMMAAABYgAAAWUAAAMQAAABZgAAAWcAAAJ9AAABaAAAAX4AAAMUAAABfwAAAX8AAACVAAABjwAAAY8AAACWAAABkgAAAZIAAACXAAABoAAAAaEAAACYAAABrwAAAbAAAACaAAAB8AAAAfAAAAPeAAAB+gAAAfoAAAKFAAAB+wAAAfsAAAKgAAAB/AAAAf8AAAMrAAACGAAAAhkAAAMKAAACGgAAAhsAAAMOAAACNwAAAjcAAACcAAACWQAAAlkAAACdAAACvAAAArwAAAPfAAACxgAAAscAAACeAAACyQAAAskAAACgAAAC2AAAAt0AAAChAAAC8wAAAvMAAACnAAADAAAAAwEAAACoAAADAwAAAwMAAACqAAADCQAAAwkAAACrAAADDwAAAw8AAACsAAADIwAAAyMAAACtAAADhAAAA4UAAACuAAADhgAAA4YAAAOGAAADhwAAA4cAAACwAAADiAAAA4oAAAOHAAADjAAAA4wAAAOKAAADjgAAA5IAAAOLAAADkwAAA5QAAACxAAADlQAAA5cAAAOQAAADmAAAA5gAAACzAAADmQAAA5oAAAOTAAADmwAAA5sAAAC0AAADnAAAA50AAAOVAAADngAAA54AAAC1AAADnwAAA58AAAOXAAADoAAAA6AAAAC2AAADoQAAA6EAAAOYAAADowAAA6MAAAC3AAADpAAAA6UAAAOZAAADpgAAA6YAAAC4AAADpwAAA6cAAAObAAADqAAAA6kAAAC5AAADqgAAA7AAAAOcAAADsQAAA7kAAAC7AAADugAAA7oAAAOjAAADuwAAA7sAAADEAAADvAAAA70AAAOlAAADvgAAA74AAADFAAADvwAAA78AAAOkAAADwAAAA8YAAADGAAADxwAAA8cAAAOnAAADyAAAA8kAAADNAAADygAAA84AAAOoAAAD0QAAA9IAAADPAAAD1gAAA9YAAADRAAAEAAAABAAAAAPkAAAEAQAABAEAAAOtAAAEAgAABAIAAADSAAAEAwAABAMAAAOuAAAEBAAABAQAAADTAAAEBQAABAgAAAOvAAAECQAABAsAAADUAAAEDAAABAwAAAO0AAAEDQAABA0AAAPlAAAEDgAABA4AAAO1AAAEDwAABA8AAADXAAAEEAAABBAAAAO2AAAEEQAABBEAAADYAAAEEgAABBMAAAO3AAAEFAAABBQAAADZAAAEFQAABBUAAAO5AAAEFgAABBgAAADaAAAEGQAABBkAAAO6AAAEGgAABBoAAAOzAAAEGwAABBsAAADdAAAEHAAABCIAAAO7AAAEIwAABCQAAADeAAAEJQAABCUAAAPCAAAEJgAABC8AAADgAAAEMAAABDAAAAPDAAAEMQAABDQAAADqAAAENQAABDUAAAPEAAAENgAABDgAAADuAAAEOQAABDkAAAPFAAAEOgAABD0AAADxAAAEPgAABD4AAAPGAAAEPwAABD8AAAD1AAAEQAAABEEAAAPHAAAEQgAABEIAAAD2AAAEQwAABEMAAAPJAAAERAAABEQAAAD3AAAERQAABEUAAAPKAAAERgAABE8AAAD4AAAEUAAABFAAAAPmAAAEUQAABFEAAAPLAAAEUgAABFIAAAECAAAEUwAABFMAAAPMAAAEVAAABFQAAAEDAAAEVQAABFgAAAPNAAAEWQAABFsAAAEEAAAEXAAABFwAAAPRAAAEXQAABF0AAAPnAAAEXgAABF4AAAPSAAAEXwAABGEAAAEHAAAEYgAABGIAAASBAAAEYwAABG8AAAEKAAAEcAAABHEAAAPoAAAEcgAABHUAAAEXAAAEdgAABHcAAAPqAAAEeAAABHgAAAPtAAAEeQAABHkAAAPsAAAEegAABIYAAAEbAAAEiAAABIsAAAEoAAAEjAAABIwAAASAAAAEjQAABJEAAAEsAAAEkgAABJMAAASCAAAElAAABJcAAAExAAAEmAAABJkAAAPuAAAEmgAABJ0AAAE1AAAEngAABJ8AAASEAAAEoAAABKkAAAE5AAAEqgAABKsAAAPwAAAErAAABK0AAAR3AAAErgAABK8AAAPyAAAEsAAABLEAAASGAAAEsgAABLoAAAFDAAAEuwAABLsAAAR/AAAEvAAABL0AAAFMAAAEvgAABL8AAAR9AAAEwAAABMIAAAP0AAAEwwAABMoAAAFOAAAEywAABMwAAAR5AAAEzQAABM4AAAFWAAAEzwAABNcAAAP3AAAE2AAABNgAAAFYAAAE2QAABNkAAAQBAAAE2gAABNoAAAQAAAAE2wAABN8AAAQCAAAE4AAABOEAAAFZAAAE4gAABPUAAAQHAAAE9gAABPcAAAR7AAAE+AAABPkAAAQbAAAE+gAABP0AAAFbAAAE/gAABP8AAASIAAAFAAAABQAAAAFfAAAFAQAABQEAAAQdAAAFAgAABRAAAAFgAAAFEQAABREAAASKAAAFEgAABRMAAAFvAAAeAAAAHgEAAAPiAAAePgAAHj8AAAPgAAAegAAAHoUAAAPTAAAeoAAAHvEAAAQeAAAe8gAAHvMAAAPZAAAe9AAAHvkAAARwAAAfTQAAH00AAATKAAAgAAAAIAkAAAFyAAAgCgAAIAsAAAF9AAAgEAAAIBEAAAF/AAAgEwAAIBQAAAGBAAAgFQAAIBUAAASMAAAgFwAAIB4AAAGDAAAgIAAAICIAAAGLAAAgJQAAICcAAAGOAAAgMAAAIDAAAAGRAAAgMgAAIDMAAAPbAAAgOQAAIDoAAAGSAAAgPAAAIDwAAAPdAAAgRAAAIEQAAAGUAAAgdAAAIHQAAAGVAAAgfwAAIH8AAAGWAAAgowAAIKMAAASLAAAgpAAAIKQAAAGXAAAgpgAAIKoAAAGYAAAgqwAAIKsAAAR2AAAgrAAAIKwAAAGdAAAgsQAAILEAAAGeAAAguQAAILoAAAGfAAAgvAAAIL0AAAGhAAAhBQAAIQUAAAGjAAAhEwAAIRMAAAGkAAAhFgAAIRYAAAGlAAAhIgAAISIAAAGmAAAhJgAAISYAAAC6AAAhLgAAIS4AAAGnAAAhWwAAIV4AAAGoAAAiAgAAIgIAAAGsAAAiBgAAIgYAAACyAAAiDwAAIg8AAAGtAAAiEQAAIhIAAAGuAAAiGgAAIhoAAAGwAAAiHgAAIh4AAAGxAAAiKwAAIisAAAGyAAAiSAAAIkgAAAGzAAAiYAAAImAAAAG0AAAiZAAAImUAAAG1AAAlygAAJcoAAAG3AADuAQAA7gIAAAG4AAD2wwAA9sMAAAG6AAD7AQAA+wQAAAG8AAD+/wAA/v8AAAHCAAD//AAA//0AAAHDAACwACxLsAlQWLEBAY5ZuAH/hbBEHbEJA19eLbABLCAgRWlEsAFgLbACLLABKiEtsAMsIEawAyVGUlgjWSCKIIpJZIogRiBoYWSwBCVGIGhhZFJYI2WKWS8gsABTWGkgsABUWCGwQFkbaSCwAFRYIbBAZVlZOi2wBCwgRrAEJUZSWCOKWSBGIGphZLAEJUYgamFkUlgjilkv/S2wBSxLILADJlBYUViwgEQbsEBEWRshISBFsMBQWLDARBshWVktsAYsICBFaUSwAWAgIEV9aRhEsAFgLbAHLLAGKi2wCCxLILADJlNYsEAbsABZioogsAMmU1gjIbCAioobiiNZILADJlNYIyGwwIqKG4ojWSCwAyZTWCMhuAEAioobiiNZILADJlNYIyG4AUCKihuKI1kgsAMmU1iwAyVFuAGAUFgjIbgBgCMhG7ADJUUjISMhWRshWUQtsAksS1NYRUQbISFZLbAKLLAiRS2wCyywI0UtsAwssScBiCCKU1i5QAAEAGO4CACIVFi5ACID6HBZG7AjU1iwIIi4EABUWLkAIgPocFlZWS2wDSywQIi4IABaWLEjAEQbuQAjA+hEWS2wDCuwACsAsgELAisAtwExKB8WDgAIK7cCRDosIBIACCu3AzEoHxYOAAgrtwSRd1w6IwAIK7cFdmBLNh0ACCu3BiUfGBELAAgrtwdCNioeEgAIK7cIOi8iGA8ACCu3CTYsIhgPAAgrtwpbSzoqGQAIK7cL+82gckUACCsAsgwLByuwACBFfWkYRLIwDgFzsrAQAXOyUBABdLKAEAF0snAQAXWyPxQBc7JfFAFzsn8UAXOyLxQBdLJPFAF0sm8UAXSyjxQBdLKvFAF0sv8UAXSyHxQBdbI/FAF1sl8UAXWyfxQBdbIPGAFzsm8YAXWyfxgBc7LvGAFzsh8YAXSyXxgBdLKPGAF0ss8YAXSy/xgBdLI/GAF1si8aAXOybxoBc7IvIAFzsj8gAXMAAAAAKgDpAKQA/gBOAGABMQCsAMUA1AB8AC0AAAAU/mAAFAKbACADIQALBDoAFASNABAFsAAUBhgAFQGmABEGwAAOBt8AAgAAAAAAAAANAKIAAwABBAkAAABeAAAAAwABBAkAAQAMAF4AAwABBAkAAgAIAGoAAwABBAkAAwAWAHIAAwABBAkABAAWAHIAAwABBAkABQAmAIgAAwABBAkABgAWAK4AAwABBAkABwBAAMQAAwABBAkACQAMAQQAAwABBAkACwAUARAAAwABBAkADAAmASQAAwABBAkADQBcAUoAAwABBAkADgBUAaYAQwBvAHAAeQByAGkAZwBoAHQAIAAyADAAMQAxACAARwBvAG8AZwBsAGUAIABJAG4AYwAuACAAQQBsAGwAIABSAGkAZwBoAHQAcwAgAFIAZQBzAGUAcgB2AGUAZAAuAFIAbwBiAG8AdABvAEIAbwBsAGQAUgBvAGIAbwB0AG8AIABCAG8AbABkAFYAZQByAHMAaQBvAG4AIAAyAC4AMQAzADcAOwAgADIAMAAxADcAUgBvAGIAbwB0AG8ALQBCAG8AbABkAFIAbwBiAG8AdABvACAAaQBzACAAYQAgAHQAcgBhAGQAZQBtAGEAcgBrACAAbwBmACAARwBvAG8AZwBsAGUALgBHAG8AbwBnAGwAZQBHAG8AbwBnAGwAZQAuAGMAbwBtAEMAaAByAGkAcwB0AGkAYQBuACAAUgBvAGIAZQByAHQAcwBvAG4ATABpAGMAZQBuAHMAZQBkACAAdQBuAGQAZQByACAAdABoAGUAIABBAHAAYQBjAGgAZQAgAEwAaQBjAGUAbgBzAGUALAAgAFYAZQByAHMAaQBvAG4AIAAyAC4AMABoAHQAdABwADoALwAvAHcAdwB3AC4AYQBwAGEAYwBoAGUALgBvAHIAZwAvAGwAaQBjAGUAbgBzAGUAcwAvAEwASQBDAEUATgBTAEUALQAyAC4AMAADAAAAAAAA/2oAZAAAAAAAAAAAAAAAAAAAAAAAAAAAAAEAAgAIAAL//wAPAAEAAgAOAAAAAAAAAigAAgBZACUAPgABAEUAXgABAHkAeQABAIEAgQABAIMAgwABAIYAhgABAIkAiQABAIsAlgABAJgAnQABAKQApAABAKgArQADALEAsQABALoAuwABAL8AvwABAMEAwQABAMMAwwABAMcAxwABAMsAywABAM0AzgABANAA0QABANMA0wABANoA3gABAOEA4QABAOUA5QABAOcA6QABAOsA+wABAP0A/QABAP8BAQABAQMBAwABAQgBCQABARYBGgABARwBHAABASABIgABASQBJQADASoBKwABATMBNAABATYBNgABATsBPAABAUEBRAABAUcBSAABAUsBTQABAVEBUQABAVQBWAABAV0BXgABAWIBYgABAWQBZAABAWgBaAABAWoBbAABAW4BbgABAXABcAABAboBugADAbsBwQACAdIB5gABAeoB6gABAfMB8wABAfUB9QABAfwB/gABAgACAQABAgMCAwABAgcCBwABAgkCCwABAhECEQABAhYCGAABAhoCGgABAigCKAABAisCKwABAi0CLQABAjACMwABAl8CYwABAnoC4gABAuUDiwABA40DpAABA6YDsgABA7QDvQABA78D2gABA94D3gABA+AD5wABA+kD6wABA+4D8gABA/QEfAABBH8EfwABBIIEgwABBIUEhgABBIgEiwABBJUE0AABBNIE8QABBPME+gABBPwE/QABBQcFDQABAAEAAgAAAAwAAAAsAAEADgCoAKgAqQCpAKoAqgCrAKsArACsASQBJQEmAScAAQAFAHkApACtAK0BugAAAAEAAAAKADIATAAEREZMVAAaY3lybAAaZ3JlawAabGF0bgAaAAQAAAAA//8AAgAAAAEAAmNwc3AADmtlcm4AFAAAAAEAAAAAAAEAAQACAAYCEAABAAAAAQAIAAEACgAFACQASAABAPoACAAKABQAFQAWABcAGAAZABoAGwAcAB0AJQAmACcAKAApACoAKwAsAC0ALgAvADAAMQAyADMANAA1ADYANwA4ADkAOgA7ADwAPQA+AGUAZwCBAIMAhACMAI8AkQCTALEAsgCzALQAtQC2ALcAuAC5ALoA0gDTANQA1QDWANcA2ADZANoA2wDcAN0A3gDfAOAA4QDiAOMA5ADlAOYA5wDoAOkBLwEzATUBNwE5ATsBQQFDAUUBSQFLAUwBWAFZAZcBnQGiAaUCegJ7An0CfwKAAoECggKDAoQChQKGAocCiAKJAooCiwKMAo0CjgKPApACkQKSApMClAKVApYClwKYApkCtgK4AroCvAK+AsACwgLEAsYCyALKAswCzgLQAtIC1ALWAtgC2gLcAt4C4ALiAuMC5QLnAukC6wLtAu8C8QLzAvUC+AL6AvwC/gMAAwIDBAMGAwgDCgMMAw4DEAMSAxQDFgMYAxoDHAMeAyADIgMkAyUDJwMpAysDLQOGA4cDiAOJA4oDiwOMA44DjwOQA5EDkgOTA5QDlQOWA5cDmAOZA5oDmwOcA50DrQOuA68DsAOxA7IDswO0A7UDtgO3A7gDuQO6A7sDvAO9A74DvwPAA8EDwgPTA9UD1wPZA+4D8APyBAcEDQQTBH0EggSGBQcFCQACAAAAAgAKQXoAAQPuAAQAAAHyB9A8GDwYB/4IYD5QPwg8HkEuPtQIZj92P3Y/Ej9gP3Y/dkEuP6IMBAzSP+xAvkD2PDA92kEUDUg+sj/APNoNjg7EDs4/mD+YPuI/wD/aD9BA3BA2PIpA3BBQP8BBLhCWPRg+UEEuPlARGBIWExgT+hScQNwUoj+YF4gZehqYGrIauBq+Hbgdvh34Hi4euCBCIgwj4j92JTAm2jwwKTw/dj92PJA/dj92P3YqEivAP3Y87iyqLXAuAi5kL0o85C/cPIowsjDcMrY/wDZANn43vDmKP8A4RjjUOP45VDmKPlA+4kC+QNw5sD/APRg85DwwPIo/Ej8SPxI/djwwPIo/dj92QS485DwwPIo8GDnaPBg8GDwYQWo7ZDuyQWQ8DkFMQVJBZEFSQUxBTEFMQUw8AEFSPB5BLkEuQS5BLj/sPlA+UD5QPlA+UD5QPlA8Hj7UPtQ+1D7UP3Y/dj92P3Y/dkEuQS5BLkEuQS492j6yPrI+sj6yPrI+sj6yPNo82jzaPNo/mD7iPuI+4j7iPuJA3EDcPlA+sj5QPrI+UD6yPB48HjwePB5BLj7UPNo+1DzaPtQ82j7UPNo+1DzaP3Y/mD92P3Y/dj92P3Y/Ej9gP2A/YD9gP3Y/mD92P5g/dj+YP5hBLj7iQS4+4kEuPuI/2j/aP9o/7D/sP+xA9j3aQNw92kEUQRRBFEFkQWRBakFSQVJBUkFSQVJBUkFSQWRBZEFkQWRBZEFSQVJBUkFkQUw8DjwOPA48DkFkQWRBZEFqPlA+1D92P3ZBLj3aPlA/CD7UQRQ/dj92PxI/dj92QS4/oj/sPdo8MD92Pdo/mD7iQNw+4j7UPRg/dj92PxI/EjyQPlA/CD0YPtQ/dj92QS4/ojweP+w8MD6yPNo+4j/AQNw8ijzaPORA3ED2QPZA9j3aQNw8GDwYPBg/dj+YPlA+sj7UPNpAvkDcPB492kDcP3Y8MDyKP3Y+UD6yPlA+sj7UPNo82jzaPDA8ikEuPuI+4j/APJBA3DyQQNw8kEDcPlA+sj5QPrI+UD6yPlA+sj5QPrI+UD6yPlA+sj5QPrI+UD6yPlA+sj5QPrI+UD6yPtQ82j7UPNo+1DzaPtQ82j7UPNo+1DzaPtQ82j7UPNo/dj92QS4+4kEuPuJBLj7iQS4+4kEuPuJBLj7iQS4+4j7iPdpA3D3aQNw92kDcP+w9GDzkP5g87j0YPxI92j92P5g+UD6yPtQ/dkEuPuI/2j8IP8BBLkEuP3Y/mD8SPxI/YD92P5g/dj+YQS4/oj/AP9o/7EC+QNxAvkDcQPZBFEEuQVJBZEFSQUxBakFMQVJBZEFqAAIApQAEAAQAAAAGAAYAAQALAAwAAgATABMABAAlACoABQAsAC0ACwAvADYADQA4ADgAFQA6AD8AFgBFAEYAHABJAEoAHgBMAEwAIABPAE8AIQBRAFQAIgBWAFYAJgBYAFgAJwBaAF0AKABfAF8ALACKAIoALQCWAJYALgCdAJ0ALwCxALUAMAC3ALkANQC7ALsAOAC9AL0AOQDAAMEAOgDDAMMAPADFAMUAPQDHAM4APgDSANIARgDUAN4ARwDgAO8AUgDxAPEAYgD2APgAYwD7APwAZgD+AQAAaAEDAQUAawEKAQoAbgENAQ0AbwEYARoAcAEiASIAcwEuATAAdAEzATUAdwE3ATcAegE5ATkAewE7ATsAfAFDAUQAfQFUAVQAfwFWAVYAgAFYAVgAgQFcAV4AggGEAYUAhQGHAYkAhwHYAdgAigHaAdsAiwHdAd0AjQHgAeEAjgHrAe0AkAH/Af8AkwIOAhAAlAIwAjAAlwIzAjMAmAJFAkUAmQJHAkgAmgJ6AnsAnAJ9An0AngJ/ApQAnwKZAqAAtQKiAqUAvQKqAq8AwQK0ArwAxwK+Ar4A0ALAAsAA0QLCAsIA0gLEAsQA0wLGAs8A1ALYAtoA3gLcAtwA4QLeAt4A4gLgAuAA4wLiAuIA5ALnAucA5QLpAukA5gLrAusA5wLtAu0A6ALvAu8A6QLxAv0A6gL/Av8A9wMBAwEA+AMDAwMA+QMOAw4A+gMQAxAA+wMSAxIA/AMgAyAA/QMiAyUA/gMnAycBAgMpAykBAwMvAzgBBANDA0cBDgNNA08BEwNUA1QBFgNlA2kBFwNtA28BHAN4A3gBHwOGA4sBIAOOA50BJgOgA6ABNgOkA6QBNwOmA6YBOAOqA6oBOQOtA64BOgOwA7EBPAOzA7kBPgO7A70BRQO/A8QBSAPGA8cBTgPJA8wBUAPSA9MBVAPVA9UBVgPXA9cBVwPZA9wBWAPfA+QBXAPmA+YBYgPqA+sBYwPwA/ABZQPyA/sBZgP+A/8BcAQBBAQBcgQLBAwBdgQQBBABeAQSBBgBeQQeBEYBgARIBEgBqQRKBFcBqgRfBF8BuARwBHUBuQR3BHcBvwR7BHwBwAR/BH8BwgSBBIIBwwSEBIQBxQSGBIYBxgSXBJsBxwSdBJ0BzASfBKABzQSiBKIBzwSmBKgB0ASqBKoB0wSsBK4B1ASwBLAB1wSyBLIB2AS0BLoB2QS8BLwB4AS/BL8B4QTCBMYB4gTIBMgB5wTKBMsB6ATPBM8B6gTSBNIB6wTYBNgB7ATdBN0B7QToBOgB7gTqBOoB7wTxBPEB8AT1BPUB8QALADj/xADS/8QA1v/EATn/xAFF/8QDDv/EAxD/xAMS/8QDwf/EBHf/xAS//8QAGAA6ABQAOwAmAD0AFgEZABQCmQAWAyAAJgMiABYDJAAWA4sAFgOaABYDnQAWA9MAJgPVACYD1wAmA9kAFgPqABQD8gAWBHAAFgRyABYEdAAWBIYAFgTCABQExAAUBMYAJgABABP/CADnABD+7gAS/u4AJf9AAC7/MAA4ABQARf/eAEf/6wBI/+sASf/rAEv/6wBT/+sAVf/rAFb/5gBZ/+oAWv/oAF3/6ACU/+sAmf/rAJv/6gCy/0AAtP9AALv/6wC9/+gAyP/rAMn/6wDL/+oA0gAUANYAFAD3/+sBA//rAQ3/QAEY/+sBGv/oAR7/6wEi/+sBOQAUAUL/6wFFABQBYP/rAWH/6wFr/+sBhv7uAYr+7gGO/u4Bj/7uAev/wAHt/8ACM//AAn//QAKA/0ACgf9AAoL/QAKD/0AChP9AAoX/QAKa/94Cm//eApz/3gKd/94Cnv/eAp//3gKg/94Cof/rAqL/6wKj/+sCpP/rAqX/6wKr/+sCrP/rAq3/6wKu/+sCr//rArD/6gKx/+oCsv/qArP/6gK0/+gCtf/oArb/QAK3/94CuP9AArn/3gK6/0ACu//eAr3/6wK//+sCwf/rAsP/6wLF/+sCx//rAsn/6wLL/+sCzf/rAs//6wLR/+sC0//rAtX/6wLX/+sC5f8wAvn/6wL7/+sC/f/rAw4AFAMQABQDEgAUAxX/6gMX/+oDGf/qAxv/6gMd/+oDH//qAyP/6AMy/8ADM//AAzT/wAM1/8ADNv/AAzf/wAM4/8ADTf/AA07/wANP/8ADhv9AA47/QAOe/+sDov/qA6T/6wOm/+gDqf/qA6r/6wOr/+oDsv8wA7b/QAPBABQDw//eA8T/6wPG/+sDyP/rA8n/6APL/+sD0v/oA9r/6APi/0AD4//eA+b/6wPr/+gD7P/rA/H/6wPz/+gD+P9AA/n/3gP6/0AD+//eA///6wQB/+sEAv/rBAz/6wQO/+sEEP/rBBT/6AQW/+gEGP/oBB3/6wQe/0AEH//eBCD/QAQh/94EIv9ABCP/3gQk/0AEJf/eBCb/QAQn/94EKP9ABCn/3gQq/0AEK//eBCz/QAQt/94ELv9ABC//3gQw/0AEMf/eBDL/QAQz/94ENP9ABDX/3gQ3/+sEOf/rBDv/6wQ9/+sEP//rBEH/6wRD/+sERf/rBEv/6wRN/+sET//rBFH/6wRT/+sEVf/rBFf/6wRZ/+sEW//rBF3/6wRf/+sEYf/rBGP/6gRl/+oEZ//qBGn/6gRr/+oEbf/qBG//6gRx/+gEc//oBHX/6AR3ABQEmf9ABJr/3gSc/+sEoP/rBKT/6gSp/+sEq//rBL8AFATD/+gExf/oBMv/wATS/8AE6v/AADMAOP/fADr/5AA7/+wAPf/dANL/3wDW/98BGf/kATn/3wFF/98B6wAOAe0ADgIzAA4Cmf/dAw7/3wMQ/98DEv/fAyD/7AMi/90DJP/dAzIADgMzAA4DNAAOAzUADgM2AA4DNwAOAzgADgNNAA4DTgAOA08ADgOL/90Dmv/dA53/3QPB/98D0//sA9X/7APX/+wD2f/dA+r/5APy/90EcP/dBHL/3QR0/90Ed//fBIb/3QS//98Ewv/kBMT/5ATG/+wEywAOBNIADgTqAA4AHQA4/84AOv/tAD3/0ADS/84A1v/OARn/7QE5/84BRf/OApn/0AMO/84DEP/OAxL/zgMi/9ADJP/QA4v/0AOa/9ADnf/QA8H/zgPZ/9AD6v/tA/L/0ARw/9AEcv/QBHT/0AR3/84Ehv/QBL//zgTC/+0ExP/tABEALv/uADn/7gKV/+4Clv/uApf/7gKY/+4C5f/uAxT/7gMW/+4DGP/uAxr/7gMc/+4DHv/uA7L/7gRi/+4EZP/uBMH/7gBNAAYAEAALABAADQAUAEEAEgBH/+gASP/oAEn/6ABL/+gAVf/oAGEAEwCU/+gAmf/oALv/6ADI/+gAyf/oAPf/6AED/+gBHv/oASL/6AFC/+gBYP/oAWH/6AFr/+gBhAAQAYUAEAGHABABiAAQAYkAEAKh/+gCov/oAqP/6AKk/+gCpf/oAr3/6AK//+gCwf/oAsP/6ALF/+gCx//oAsn/6ALL/+gCzf/oAs//6ALR/+gC0//oAtX/6ALX/+gDnv/oA8T/6API/+gDy//oA9sAEAPcABAD3wAQA+b/6APs/+gD8f/oA///6AQB/+gEAv/oBA7/6AQd/+gEN//oBDn/6AQ7/+gEPf/oBD//6ARB/+gEQ//oBEX/6ARZ/+gEW//oBF3/6ARh/+gEnP/oBKn/6ASr/+gAAgD2/9YBhf+YAEAAR//sAEj/7ABJ/+wAS//sAFX/7ACU/+wAmf/sALv/7ADI/+wAyf/sAPf/7AED/+wBHv/sASL/7AFC/+wBYP/sAWH/7AFr/+wCof/sAqL/7AKj/+wCpP/sAqX/7AK9/+wCv//sAsH/7ALD/+wCxf/sAsf/7ALJ/+wCy//sAs3/7ALP/+wC0f/sAtP/7ALV/+wC1//sA57/7APE/+wDyP/sA8v/7APm/+wD7P/sA/H/7AP//+wEAf/sBAL/7AQO/+wEHf/sBDf/7AQ5/+wEO//sBD3/7AQ//+wEQf/sBEP/7ARF/+wEWf/sBFv/7ARd/+wEYf/sBJz/7ASp/+wEq//sABkAU//iARj/4gGFABgCq//iAqz/4gKt/+ICrv/iAq//4gL5/+IC+//iAv3/4gOk/+IDqv/iA8b/4gQM/+IEEP/iBEv/4gRN/+IET//iBFH/4gRT/+IEVf/iBFf/4gRf/+IEoP/iAAYAEP+EABL/hAGG/4QBiv+EAY7/hAGP/4QAEQAu/+wAOf/sApX/7AKW/+wCl//sApj/7ALl/+wDFP/sAxb/7AMY/+wDGv/sAxz/7AMe/+wDsv/sBGL/7ARk/+wEwf/sACAABv/yAAv/8gBa//MAXf/zAL3/8wD2//UBGv/zAYT/8gGF//IBh//yAYj/8gGJ//ICtP/zArX/8wMj//MDpv/zA8n/8wPS//MD2v/zA9v/8gPc//ID3//yA+v/8wPz//MEFP/zBBb/8wQY//MEcf/zBHP/8wR1//MEw//zBMX/8wA/ACf/8wAr//MAM//zADX/8wCD//MAk//zAJj/8wCz//MAxAANANP/8wEI//MBF//zARv/8wEd//MBH//zASH/8wFB//MBav/zAkX/8wJG//MCSP/zAkn/8wKG//MCkP/zApH/8wKS//MCk//zApT/8wK8//MCvv/zAsD/8wLC//MC0P/zAtL/8wLU//MC1v/zAvj/8wL6//MC/P/zAy3/8wOK//MDl//zA73/8wPA//MD7f/zA/D/8wQL//MEDf/zBA//8wRK//METP/zBE7/8wRQ//MEUv/zBFT/8wRW//MEWP/zBFr/8wRc//MEXv/zBGD/8wSf//MEuP/zAEAAJ//mACv/5gAz/+YANf/mAIP/5gCT/+YAmP/mALP/5gC4/8IAxAAQANP/5gEI/+YBF//mARv/5gEd/+YBH//mASH/5gFB/+YBav/mAkX/5gJG/+YCSP/mAkn/5gKG/+YCkP/mApH/5gKS/+YCk//mApT/5gK8/+YCvv/mAsD/5gLC/+YC0P/mAtL/5gLU/+YC1v/mAvj/5gL6/+YC/P/mAy3/5gOK/+YDl//mA73/5gPA/+YD7f/mA/D/5gQL/+YEDf/mBA//5gRK/+YETP/mBE7/5gRQ/+YEUv/mBFT/5gRW/+YEWP/mBFr/5gRc/+YEXv/mBGD/5gSf/+YEuP/mADgAJf/kADz/0gA9/9MAsv/kALT/5ADE/+IA2v/SAQ3/5AEz/9IBQ//SAV3/0gJ//+QCgP/kAoH/5AKC/+QCg//kAoT/5AKF/+QCmf/TArb/5AK4/+QCuv/kAyL/0wMk/9MDhv/kA4v/0wOO/+QDmv/TA5v/0gOd/9MDtv/kA8L/0gPZ/9MD4v/kA/L/0wP1/9ID+P/kA/r/5AQD/9IEHv/kBCD/5AQi/+QEJP/kBCb/5AQo/+QEKv/kBCz/5AQu/+QEMP/kBDL/5AQ0/+QEcP/TBHL/0wR0/9MEhv/TBJn/5AAoABD/RgAS/0YAJf/NALL/zQC0/80Ax//yAQ3/zQGG/0YBiv9GAY7/RgGP/0YCf//NAoD/zQKB/80Cgv/NAoP/zQKE/80Chf/NArb/zQK4/80Cuv/NA4b/zQOO/80Dtv/NA+L/zQP4/80D+v/NBB7/zQQg/80EIv/NBCT/zQQm/80EKP/NBCr/zQQs/80ELv/NBDD/zQQy/80ENP/NBJn/zQABAMQADgC5AEf/3ABI/9wASf/cAEv/3ABR/8EAUv/BAFP/1gBU/8EAVf/cAFn/3QBa/+EAXf/hAJT/3ACZ/9wAm//dALv/3AC9/+EAv//mAMH/wQDC/+sAw//pAMX/8ADG/+cAyP/cAMn/3ADK/+MAy//dAMz/zgDN/9QAzv/bAOz/wQDw/8EA8f/BAPP/wQD0/8EA9f/BAPf/3AD4/8EA+v/BAPv/wQD+/8EBAP/BAQP/3AEF/8EBGP/WARr/4QEe/9wBIv/cASv/wQE2/8EBPP/BAT7/wQFC/9wBU//BAVX/wQFX/8EBXP/BAWD/3AFh/9wBa//cAqH/3AKi/9wCo//cAqT/3AKl/9wCqv/BAqv/1gKs/9YCrf/WAq7/1gKv/9YCsP/dArH/3QKy/90Cs//dArT/4QK1/+ECvf/cAr//3ALB/9wCw//cAsX/3ALH/9wCyf/cAsv/3ALN/9wCz//cAtH/3ALT/9wC1f/cAtf/3ALy/8EC9P/BAvb/wQL3/8EC+f/WAvv/1gL9/9YDFf/dAxf/3QMZ/90DG//dAx3/3QMf/90DI//hA57/3AOg/8EDov/dA6T/1gOm/+EDqf/dA6r/1gOr/90DxP/cA8X/wQPG/9YDx//BA8j/3APJ/+EDy//cA8z/wQPR/8ED0v/hA9r/4QPh/8ED5v/cA+f/wQPr/+ED7P/cA/H/3APz/+ED///cBAH/3AQC/9wECP/BBAr/wQQM/9YEDv/cBBD/1gQU/+EEFv/hBBj/4QQc/8EEHf/cBDf/3AQ5/9wEO//cBD3/3AQ//9wEQf/cBEP/3ARF/9wES//WBE3/1gRP/9YEUf/WBFP/1gRV/9YEV//WBFn/3ARb/9wEXf/cBF//1gRh/9wEY//dBGX/3QRn/90Eaf/dBGv/3QRt/90Eb//dBHH/4QRz/+EEdf/hBHz/wQSY/8EEnP/cBKD/1gSk/90Eqf/cBKv/3AS1/8EEt//BBMP/4QTF/+EAfAAG/9oAC//aAEf/8ABI//AASf/wAEv/8ABV//AAWf/vAFr/3ABd/9wAlP/wAJn/8ACb/+8Au//wAL3/3ADC/+wAxAAPAMb/6gDI//AAyf/wAMr/zgDL/+8AzP/nAPf/8AED//ABGv/cAR7/8AEi//ABQv/wAWD/8AFh//ABa//wAYT/2gGF/9oBh//aAYj/2gGJ/9oCof/wAqL/8AKj//ACpP/wAqX/8AKw/+8Csf/vArL/7wKz/+8CtP/cArX/3AK9//ACv//wAsH/8ALD//ACxf/wAsf/8ALJ//ACy//wAs3/8ALP//AC0f/wAtP/8ALV//AC1//wAxX/7wMX/+8DGf/vAxv/7wMd/+8DH//vAyP/3AOe//ADov/vA6b/3AOp/+8Dq//vA8T/8API//ADyf/cA8v/8APS/9wD2v/cA9v/2gPc/9oD3//aA+b/8APr/9wD7P/wA/H/8APz/9wD///wBAH/8AQC//AEDv/wBBT/3AQW/9wEGP/cBB3/8AQ3//AEOf/wBDv/8AQ9//AEP//wBEH/8ARD//AERf/wBFn/8ARb//AEXf/wBGH/8ARj/+8EZf/vBGf/7wRp/+8Ea//vBG3/7wRv/+8Ecf/cBHP/3AR1/9wEnP/wBKT/7wSp//AEq//wBMP/3ATF/9wARwAQAAwAEgAMAEf/5wBI/+cASf/nAEv/5wBV/+cAlP/nAJn/5wC7/+cAxAAPAMj/5wDJ/+cA9//nAQP/5wEe/+cBIv/nAUL/5wFg/+cBYf/nAWv/5wGGAAwBigAMAY4ADAGPAAwCof/nAqL/5wKj/+cCpP/nAqX/5wK9/+cCv//nAsH/5wLD/+cCxf/nAsf/5wLJ/+cCy//nAs3/5wLP/+cC0f/nAtP/5wLV/+cC1//nA57/5wPE/+cDyP/nA8v/5wPm/+cD7P/nA/H/5wP//+cEAf/nBAL/5wQO/+cEHf/nBDf/5wQ5/+cEO//nBD3/5wQ//+cEQf/nBEP/5wRF/+cEWf/nBFv/5wRd/+cEYf/nBJz/5wSp/+cEq//nAAYAyv/qAO3/7gD2/9UA/v/tATr/7AFt/+wAAQD2/8AAAQDKACAAvgAGAAwACwAMAEf/6ABI/+gASf/oAEoADABL/+gAU//qAFX/6ABaAAsAXQALAJT/6ACZ/+gAu//oAL0ACwDE/5AAxgALAMj/6ADJ/+gAygAMAPf/6AED/+gBGP/qARoACwEe/+gBIv/oAUL/6AFg/+gBYf/oAWv/6AGEAAwBhQAMAYcADAGIAAwBiQAMAdMADQHWAA0B2AAOAdn/9QHb/+wB3f/tAeX/7AHr/78B7P/tAe3/vwH0AA4B9f/tAfgADgIQAA4CEf/tAhIADQIUAA4CGv/tAjH/7gIz/78Cof/oAqL/6AKj/+gCpP/oAqX/6AKr/+oCrP/qAq3/6gKu/+oCr//qArQACwK1AAsCvf/oAr//6ALB/+gCw//oAsX/6ALH/+gCyf/oAsv/6ALN/+gCz//oAtH/6ALT/+gC1f/oAtf/6AL5/+oC+//qAv3/6gMjAAsDMv+/AzP/vwM0/78DNf+/Azb/vwM3/78DOP+/Azn/7QND/+0DRP/tA0X/7QNG/+0DR//tA0wADQNN/78DTv+/A0//vwNQ/+0DUf/tA1L/7QNT/+0DWv/tA1v/7QNc/+0DXf/tA23/7QNu/+0Db//tA3P/9QN0//UDdf/1A3b/9QN4AA4DgQANA4IADQOe/+gDpP/qA6YACwOq/+oDxP/oA8b/6gPI/+gDyQALA8v/6APSAAsD2gALA9sADAPcAAwD3wAMA+b/6APrAAsD7P/oA/H/6APzAAsD///oBAH/6AQC/+gEDP/qBA7/6AQQ/+oEFAALBBYACwQYAAsEHf/oBDf/6AQ5/+gEO//oBD3/6AQ//+gEQf/oBEP/6ARF/+gES//qBE3/6gRP/+oEUf/qBFP/6gRV/+oEV//qBFn/6ARb/+gEXf/oBF//6gRh/+gEcQALBHMACwR1AAsEnP/oBKD/6gSp/+gEq//oBMMACwTFAAsEy/+/BM//7QTQAA0E0v+/BN4ADQThAA0E6v+/BPH/7QT0/+0E9QAOBPn/7QT6AA0AAQD2/+IADgBc/+0AXv/tAO7/7QD2/8ABNP/tAUT/7QFe/+0DJv/tAyj/7QMq/+0Dyv/tA/b/7QQE/+0Eyf/tAA0AXP/yAF7/8gDu//IBNP/yAUT/8gFe//IDJv/yAyj/8gMq//IDyv/yA/b/8gQE//IEyf/yACIAWv/0AFz/8gBd//QAXv/zAL3/9ADu//IBGv/0ATT/8gFE//IBXv/yArT/9AK1//QDI//0Ayb/8wMo//MDKv/zA6b/9APJ//QDyv/yA9L/9APa//QD6//0A/P/9AP2//IEBP/yBBT/9AQW//QEGP/0BHH/9ARz//QEdf/0BMP/9ATF//QEyf/zAGIABv/KAAv/ygA4/9IAOv/UADz/9AA9/9MAWv/mAFz/7wBd/+YAvf/mANL/0gDW/9IA2v/0AN7/7QDh/+EA5v/UAO7/7wD2/8kA/v/RAQn/5QEZ/9QBGv/mASD/4wEz//QBNP/vATn/0gE6/8QBQ//0AUT/7wFF/9IBR//hAUn/4QFd//QBXv/vAWL/1AFj//UBZP/nAWz/ZAFt/8kBhP/KAYX/ygGH/8oBiP/KAYn/ygKZ/9MCtP/mArX/5gMO/9IDEP/SAxL/0gMi/9MDI//mAyT/0wOL/9MDmv/TA5v/9AOd/9MDpv/mA7X/7QPB/9IDwv/0A8n/5gPK/+8D0v/mA9n/0wPa/+YD2//KA9z/ygPf/8oD6v/UA+v/5gPy/9MD8//mA/X/9AP2/+8EA//0BAT/7wQT/+0EFP/mBBX/7QQW/+YEF//tBBj/5gQZ/+EEcP/TBHH/5gRy/9MEc//mBHT/0wR1/+YEd//SBHn/4QSG/9MEv//SBML/1ATD/+YExP/UBMX/5gByAAb/wAAL/8AAOP+dADr/xwA8//AAPf+rAFH/0gBS/9IAVP/SAMH/0gDS/50A1P/1ANb/nQDa//AA3f/1AN7/6gDh/+UA5v/BAOz/0gDw/9IA8f/SAPP/0gD0/9IA9f/SAPb/zQD4/9IA+v/SAPv/0gD+/9IBAP/SAQX/0gEZ/8cBK//SATP/8AE2/9IBOf+dATr/zAE8/9IBPv/SAUP/8AFF/50BR//lAUn/5QFM/98BUP/1AVP/0gFV/9IBV//SAVz/0gFd//ABYv/OAWT/6gFm//UBbP+eAW3/zgFv//UBhP/AAYX/wAGH/8ABiP/AAYn/wAKZ/6sCqv/SAvL/0gL0/9IC9v/SAvf/0gMO/50DEP+dAxL/nQMi/6sDJP+rA4v/qwOa/6sDm//wA53/qwOg/9IDtf/qA8H/nQPC//ADxf/SA8f/0gPM/9ID0f/SA9n/qwPb/8AD3P/AA9//wAPh/9ID5//SA+r/xwPy/6sD9f/wBAP/8AQI/9IECv/SBBP/6gQV/+oEF//qBBn/5QQc/9IEcP+rBHL/qwR0/6sEd/+dBHn/5QR8/9IEhv+rBJj/0gS1/9IEt//SBL//nQTC/8cExP/HAHUABv+xAAv/sQA4/54AOv/FADz/8gA9/6gAUf/PAFL/zwBU/88AXP/vAMH/zwDS/54A1v+eANr/8gDe/+wA4f/hAOb/wgDs/88A7v/vAPD/zwDx/88A8//PAPT/zwD1/88A9v/GAPj/zwD6/88A+//PAP7/zwEA/88BBf/PARn/xQEr/88BM//yATT/7wE2/88BOf+eATr/wAE8/88BPv/PAUP/8gFE/+8BRf+eAUf/4QFJ/+EBTP/fAVP/zwFV/88BV//PAVz/zwFd//IBXv/vAWL/zQFk/+gBbP+fAW3/xgGE/7EBhf+xAYf/sQGI/7EBif+xApn/qAKq/88C8v/PAvT/zwL2/88C9//PAw7/ngMQ/54DEv+eAyL/qAMk/6gDi/+oA5r/qAOb//IDnf+oA6D/zwO1/+wDwf+eA8L/8gPF/88Dx//PA8r/7wPM/88D0f/PA9n/qAPb/7ED3P+xA9//sQPh/88D5//PA+r/xQPy/6gD9f/yA/b/7wQD//IEBP/vBAj/zwQK/88EE//sBBX/7AQX/+wEGf/hBBz/zwRw/6gEcv+oBHT/qAR3/54Eef/hBHz/zwSG/6gEmP/PBLX/zwS3/88Ev/+eBML/xQTE/8UAUwA4/74AUf/hAFL/4QBU/+EAWv/vAF3/7wC9/+8Awf/hANL/vgDW/74A5v/JAOz/4QDw/+EA8f/hAPP/4QD0/+EA9f/hAPb/3wD4/+EA+v/hAPv/4QD+/+EBAP/hAQX/4QEJ/+0BGv/vASD/6wEr/+EBNv/hATn/vgE6/98BPP/hAT7/4QFF/74BTP/pAVP/4QFV/+EBV//hAVz/4QFj//UBbf/gAqr/4QK0/+8Ctf/vAvL/4QL0/+EC9v/hAvf/4QMO/74DEP++AxL/vgMj/+8DoP/hA6b/7wPB/74Dxf/hA8f/4QPJ/+8DzP/hA9H/4QPS/+8D2v/vA+H/4QPn/+ED6//vA/P/7wQI/+EECv/hBBT/7wQW/+8EGP/vBBz/4QRx/+8Ec//vBHX/7wR3/74EfP/hBJj/4QS1/+EEt//hBL//vgTD/+8Exf/vAGoAOP/mADr/5wA8//IAPf/nAFH/1gBS/9YAVP/WAFz/8QDB/9YA0v/mANb/5gDa//IA3v/uAOH/6ADm/+YA7P/WAO7/8QDw/9YA8f/WAPP/1gD0/9YA9f/WAPb/0AD4/9YA+v/WAPv/1gD+/9YBAP/WAQX/1gEZ/+cBK//WATP/8gE0//EBNv/WATn/5gE6/84BPP/WAT7/1gFD//IBRP/xAUX/5gFH/+gBSf/oAVP/1gFV/9YBV//WAVz/1gFd//IBXv/xAWL/5wFk/+0BbP/mAW3/0AKZ/+cCqv/WAvL/1gL0/9YC9v/WAvf/1gMO/+YDEP/mAxL/5gMi/+cDJP/nA4v/5wOa/+cDm//yA53/5wOg/9YDtf/uA8H/5gPC//IDxf/WA8f/1gPK//EDzP/WA9H/1gPZ/+cD4f/WA+f/1gPq/+cD8v/nA/X/8gP2//EEA//yBAT/8QQI/9YECv/WBBP/7gQV/+4EF//uBBn/6AQc/9YEcP/nBHL/5wR0/+cEd//mBHn/6AR8/9YEhv/nBJj/1gS1/9YEt//WBL//5gTC/+cExP/nAJgAJQAQACf/6AAr/+gAM//oADX/6AA4/+AAOv/gAD3/3wCD/+gAk//oAJj/6ACyABAAs//oALQAEADS/+AA0//oANQAEADW/+AA2QAUAN0AEADh/+EA5v/gAO0AEwDyABAA+f/gAQQAEAEI/+gBDQAQARf/6AEZ/+ABG//oAR3/6AEf/+gBIf/oATn/4AFB/+gBRf/gAUf/4QFI/+ABSf/hAUr/4AFN/+EBUAAQAVEAEAFY/+kBYv/fAWT/3gFmABABav/oAWz/3wFu//IBbwAQAXAAEAJF/+gCRv/oAkj/6AJJ/+gCfwAQAoAAEAKBABACggAQAoMAEAKEABAChQAQAob/6AKQ/+gCkf/oApL/6AKT/+gClP/oApn/3wK2ABACuAAQAroAEAK8/+gCvv/oAsD/6ALC/+gC0P/oAtL/6ALU/+gC1v/oAvj/6AL6/+gC/P/oAw7/4AMQ/+ADEv/gAyL/3wMk/98DLf/oA4YAEAOK/+gDi//fA44AEAOX/+gDmv/fA53/3wO2ABADvf/oA8D/6APB/+AD2f/fA+IAEAPq/+AD7f/oA/D/6APy/98D+AAQA/oAEAQL/+gEDf/oBA//6AQZ/+EEGv/gBB4AEAQgABAEIgAQBCQAEAQmABAEKAAQBCoAEAQsABAELgAQBDAAEAQyABAENAAQBEr/6ARM/+gETv/oBFD/6ARS/+gEVP/oBFb/6ARY/+gEWv/oBFz/6ARe/+gEYP/oBHD/3wRy/98EdP/fBHf/4AR5/+EEev/gBIb/3wSZABAEn//oBLj/6AS//+AEwv/gBMT/4AA1ABv/8gA4//EAOv/0ADz/9AA9//AA0v/xANT/9QDW//EA2v/0AN3/9QDe//MA5v/xARn/9AEz//QBOf/xAUP/9AFF//EBUP/1AV3/9AFi//IBZP/yAWb/9QFs//IBb//1Apn/8AMO//EDEP/xAxL/8QMi//ADJP/wA4v/8AOa//ADm//0A53/8AO1//MDwf/xA8L/9APZ//AD6v/0A/L/8AP1//QEA//0BBP/8wQV//MEF//zBHD/8ARy//AEdP/wBHf/8QSG//AEv//xBML/9ATE//QAawAlAA8AOP/mADr/5gA8AA4APf/mALIADwC0AA8A0v/mANQADgDW/+YA2QATANoADgDdAA4A3gALAOH/5QDm/+YA5//0AO0AEgDyAA8A9v/nAPn/6AD+/+cBBAAPAQ0ADwEZ/+YBMwAOATn/5gE6/+cBQwAOAUX/5gFH/+UBSP/oAUn/5QFK/+gBTP/kAVAADgFRAA8BXQAOAWL/5gFk/+YBZgAOAWz/5gFt/+cBbwAOAXAADwJ/AA8CgAAPAoEADwKCAA8CgwAPAoQADwKFAA8Cmf/mArYADwK4AA8CugAPAw7/5gMQ/+YDEv/mAyL/5gMk/+YDhgAPA4v/5gOOAA8Dmv/mA5sADgOd/+YDtQALA7YADwPB/+YDwgAOA9n/5gPiAA8D6v/mA/L/5gP1AA4D+AAPA/oADwQDAA4EEwALBBUACwQXAAsEGf/lBBr/6AQeAA8EIAAPBCIADwQkAA8EJgAPBCgADwQqAA8ELAAPBC4ADwQwAA8EMgAPBDQADwRw/+YEcv/mBHT/5gR3/+YEef/lBHr/6ASG/+YEmQAPBL//5gTC/+YExP/mADoABv+/AAv/vwA4/58AOv/JAD3/rQDS/58A1v+fAN7/7ADh/+YA5v/EAPb/zQD+/9UBGf/JATn/nwE6/8wBRf+fAUf/5gFJ/+YBTP/fAWL/0QFk/+wBbP+hAW3/zwGE/78Bhf+/AYf/vwGI/78Bif+/Apn/rQMO/58DEP+fAxL/nwMi/60DJP+tA4v/rQOa/60Dnf+tA7X/7APB/58D2f+tA9v/vwPc/78D3/+/A+r/yQPy/60EE//sBBX/7AQX/+wEGf/mBHD/rQRy/60EdP+tBHf/nwR5/+YEhv+tBL//nwTC/8kExP/JADEAOP/jADz/5QA9/+QA0v/jANT/5QDW/+MA2f/iANr/5QDd/+UA3v/pAPL/6gEE/+oBM//lATn/4wFD/+UBRf/jAVD/5QFR/+oBXf/lAWb/5QFs/+QBb//lAXD/6gKZ/+QDDv/jAxD/4wMS/+MDIv/kAyT/5AOL/+QDmv/kA5v/5QOd/+QDtf/pA8H/4wPC/+UD2f/kA/L/5AP1/+UEA//lBBP/6QQV/+kEF//pBHD/5ARy/+QEdP/kBHf/4wSG/+QEv//jACQAOP/iADz/5ADS/+IA1P/kANb/4gDZ/+EA2v/kAN3/5ADe/+kA7f/kAPL/6wEE/+sBM//kATn/4gFD/+QBRf/iAVD/5AFR/+sBXf/kAWb/5AFv/+QBcP/rAw7/4gMQ/+IDEv/iA5v/5AO1/+kDwf/iA8L/5AP1/+QEA//kBBP/6QQV/+kEF//pBHf/4gS//+IAGAA4/+sAPf/zANL/6wDW/+sBOf/rAUX/6wKZ//MDDv/rAxD/6wMS/+sDIv/zAyT/8wOL//MDmv/zA53/8wPB/+sD2f/zA/L/8wRw//MEcv/zBHT/8wR3/+sEhv/zBL//6wA5AFH/7wBS/+8AVP/vAFz/8ADB/+8A7P/vAO3/7gDu//AA8P/vAPH/7wDz/+8A9P/vAPX/7wD2/+4A+P/vAPr/7wD7/+8A/v/vAQD/7wEF/+8BCf/0ASD/8QEr/+8BNP/wATb/7wE6/+8BPP/vAT7/7wFE//ABU//vAVX/7wFX/+8BXP/vAV7/8AFt/+8Cqv/vAvL/7wL0/+8C9v/vAvf/7wOg/+8Dxf/vA8f/7wPK//ADzP/vA9H/7wPh/+8D5//vA/b/8AQE//AECP/vBAr/7wQc/+8EfP/vBJj/7wS1/+8Et//vACQABv/yAAv/8gBa//UAXf/1AL3/9QD2//QA/v/0AQn/9QEa//UBOv/1AW3/9QGE//IBhf/yAYf/8gGI//IBif/yArT/9QK1//UDI//1A6b/9QPJ//UD0v/1A9r/9QPb//ID3P/yA9//8gPr//UD8//1BBT/9QQW//UEGP/1BHH/9QRz//UEdf/1BMP/9QTF//UANQBR/+4AUv/uAFT/7gDB/+4A7P/uAO0AFADw/+4A8f/uAPP/7gD0/+4A9f/uAPb/7QD4/+4A+f/tAPr/7gD7/+4A/P/QAP7/7gEA/+4BBf/uASv/7gE2/+4BOv/tATz/7gE+/+4BSP/tAUr/7QFT/+4BVf/uAVf/7gFc/+4Bbf/tAqr/7gLy/+4C9P/uAvb/7gL3/+4DoP/uA8X/7gPH/+4DzP/uA9H/7gPh/+4D5//uBAj/7gQK/+4EGv/tBBz/7gR6/+0EfP/uBJj/7gS1/+4Et//uAAoABv/1AAv/9QGE//UBhf/1AYf/9QGI//UBif/1A9v/9QPc//UD3//1AHYAR//wAEj/8ABJ//AAS//wAFP/xwBV//AAlP/wAJn/8AC7//AAyP/wAMn/8AD3//ABA//wARj/xwEc/+sBHv/wASL/8AFC//ABYP/wAWH/8AFr//AB2//rAd3/6wHl/+kB7P/rAfX/6wIR/+sCGv/rAjH/6wKh//ACov/wAqP/8AKk//ACpf/wAqv/xwKs/8cCrf/HAq7/xwKv/8cCvf/wAr//8ALB//ACw//wAsX/8ALH//ACyf/wAsv/8ALN//ACz//wAtH/8ALT//AC1f/wAtf/8AL5/8cC+//HAv3/xwM5/+sDQ//rA0T/6wNF/+sDRv/rA0f/6wNQ/+sDUf/rA1L/6wNT/+sDWv/rA1v/6wNc/+sDXf/rA23/6wNu/+sDb//rA57/8AOk/8cDqv/HA8T/8APG/8cDyP/wA8v/8APm//AD7P/wA/H/8AP///AEAf/wBAL/8AQM/8cEDv/wBBD/xwQd//AEN//wBDn/8AQ7//AEPf/wBD//8ARB//AEQ//wBEX/8ARL/8cETf/HBE//xwRR/8cEU//HBFX/xwRX/8cEWf/wBFv/8ARd//AEX//HBGH/8ASc//AEoP/HBKn/8ASr//AEz//rBPH/6wT0/+sE+f/rAOIABgANAAsADQBF//AAR//AAEj/wABJ/8AASgANAEv/wABT/+IAVf/AAFoACwBdAAsAlP/AAJn/wAC7/8AAvQALAMf/1gDI/8AAyf/AAMz/1QDt/8gA8v/XAPf/wAED/8ABBP/XARj/4gEaAAsBHP/sAR7/wAEgAAwBIv/AAUL/wAFR/9cBYP/AAWH/wAFjAAsBZQALAWv/wAFw/9cBhAANAYUADQGHAA0BiAANAYkADQHTAA0B1gANAdgADgHZ//UB2//sAd3/7QHl/+wB6/+/Aez/7QHt/78B9AAOAfX/7QH4AA4CEAAOAhH/7QISAA0CFAAOAhr/7QIx/+4CM/+/Apr/8AKb//ACnP/wAp3/8AKe//ACn//wAqD/8AKh/8ACov/AAqP/wAKk/8ACpf/AAqv/4gKs/+ICrf/iAq7/4gKv/+ICtAALArUACwK3//ACuf/wArv/8AK9/8ACv//AAsH/wALD/8ACxf/AAsf/wALJ/8ACy//AAs3/wALP/8AC0f/AAtP/wALV/8AC1//AAvn/4gL7/+IC/f/iAyMACwMy/78DM/+/AzT/vwM1/78DNv+/Azf/vwM4/78DOf/tA0P/7QNE/+0DRf/tA0b/7QNH/+0DTAANA03/vwNO/78DT/+/A1D/7QNR/+0DUv/tA1P/7QNa/+0DW//tA1z/7QNd/+0Dbf/tA27/7QNv/+0Dc//1A3T/9QN1//UDdv/1A3gADgOBAA0DggANA57/wAOk/+IDpgALA6r/4gPD//ADxP/AA8b/4gPI/8ADyQALA8v/wAPSAAsD2gALA9sADQPcAA0D3wANA+P/8APm/8AD6wALA+z/wAPx/8AD8wALA/n/8AP7//AD///ABAH/wAQC/8AEDP/iBA7/wAQQ/+IEFAALBBYACwQYAAsEHf/ABB//8AQh//AEI//wBCX/8AQn//AEKf/wBCv/8AQt//AEL//wBDH/8AQz//AENf/wBDf/wAQ5/8AEO//ABD3/wAQ//8AEQf/ABEP/wARF/8AES//iBE3/4gRP/+IEUf/iBFP/4gRV/+IEV//iBFn/wARb/8AEXf/ABF//4gRh/8AEcQALBHMACwR1AAsEmv/wBJz/wASg/+IEqf/ABKv/wATDAAsExQALBMv/vwTP/+0E0AANBNL/vwTeAA0E4QANBOr/vwTx/+0E9P/tBPUADgT5/+0E+gANAA8A7QAUAPIAEAD2//AA+f/wAP7/8AEBABYBBAAQATr/5gFI//ABSv/cAVEAEAFt//ABcAAQBBr/8AR6//AATwBH/+4ASP/uAEn/7gBL/+4AVf/uAJT/7gCZ/+4Au//uAMj/7gDJ/+4A7QASAPIADgD2/+MA9//uAPn/4wD8/7gA/v/jAQP/7gEEAA4BHv/uASL/7gE6/7oBQv/uAUj/4wFK/9kBUQAOAWD/7gFh/+4Ba//uAW3/4wFwAA4Cof/uAqL/7gKj/+4CpP/uAqX/7gK9/+4Cv//uAsH/7gLD/+4Cxf/uAsf/7gLJ/+4Cy//uAs3/7gLP/+4C0f/uAtP/7gLV/+4C1//uA57/7gPE/+4DyP/uA8v/7gPm/+4D7P/uA/H/7gP//+4EAf/uBAL/7gQO/+4EGv/jBB3/7gQ3/+4EOf/uBDv/7gQ9/+4EP//uBEH/7gRD/+4ERf/uBFn/7gRb/+4EXf/uBGH/7gR6/+MEnP/uBKn/7gSr/+4AIgBa/8AAXf/AAL3/wAD2/4AA+f/uAP7/8AEJ/9sBGv/AASD/3AE6/0cBSP/uAUr/7gFjAAcBZf/0AW3/fwK0/8ACtf/AAyP/wAOm/8ADyf/AA9L/wAPa/8AD6//AA/P/wAQU/8AEFv/ABBj/wAQa/+4Ecf/ABHP/wAR1/8AEev/uBMP/wATF/8AAIwBa//QAXP/wAF3/9AC9//QA7f/vAO7/8ADy//MA/v/uAQT/8wEa//QBNP/wAUT/8AFR//MBXv/wAXD/8wK0//QCtf/0AyP/9AOm//QDyf/0A8r/8APS//QD2v/0A+v/9APz//QD9v/wBAT/8AQU//QEFv/0BBj/9ARx//QEc//0BHX/9ATD//QExf/0AAoABv/WAAv/1gGE/9YBhf/WAYf/1gGI/9YBif/WA9v/1gPc/9YD3//WABUAXP/gAO7/4AD2/3YA+f/CAP7/0wEJ/9kBIP/bATT/4AE6/x4BRP/gAUj/wgFK/+0BXv/gAWP/8AFl//IBbf9WA8r/4AP2/+AEBP/gBBr/wgR6/8IADQD2/2QA+f/SAP7/2QEJ/9kBIP/bATr/HgFI/9IBSv/tAWP/8AFl//IBbf9WBBr/0gR6/9IACQD2/2oA/v/GAQn/2QEg/9sBOv8eAUr/7QFj//ABZf/yAW3/VgAKAAb/1wAL/9cBhP/XAYX/1wGH/9cBiP/XAYn/1wPb/9cD3P/XA9//1wBiAEf/mABI/5gASf+YAEv/mABT/3AAVf+YAFf/GABbAAsAlP+YAJn/mAC7/5gAyP+YAMn/mAD3/5gBA/+YARj/cAEe/5gBIv+YAUL/mAFg/5gBYf+YAWv/mAHB/xgCof+YAqL/mAKj/5gCpP+YAqX/mAKr/3ACrP9wAq3/cAKu/3ACr/9wAr3/mAK//5gCwf+YAsP/mALF/5gCx/+YAsn/mALL/5gCzf+YAs//mALR/5gC0/+YAtX/mALX/5gC+f9wAvv/cAL9/3ADBf8YAwf/GAMJ/xgDC/8YAw3/GAOe/5gDpP9wA6r/cAPE/5gDxv9wA8j/mAPL/5gDzf8YA+b/mAPs/5gD8f+YA///mAQB/5gEAv+YBAz/cAQO/5gEEP9wBB3/mAQ3/5gEOf+YBDv/mAQ9/5gEP/+YBEH/mARD/5gERf+YBEv/cARN/3AET/9wBFH/cART/3AEVf9wBFf/cARZ/5gEW/+YBF3/mARf/3AEYf+YBJz/mASg/3AEqf+YBKv/mAS+/xgAEwHT/+4B1f/1Adb/8QHY//IB9P/yAfj/8gIQ//ICEv/uAhT/8gNM/+4DeP/yA4D/9QOB/+4Dgv/uBND/7gTe/+4E4f/uBPX/8gT6/+4AEwHT/+UB1f/xAdb/6wHY/+kB9P/pAfj/6QIQ/+kCEv/lAhT/6QNM/+UDeP/pA4D/8QOB/+UDgv/lBND/5QTe/+UE4f/lBPX/6QT6/+UAAwHV//UB1v/uA4D/9QACAdb/twHb//AAAQBbAAsABAAN/+YAQf/0AGH/7wFN/+0AFgC4/9QAwv/tAMQAEQDK/+AAzP/nAM3/5QDO/+4A2QASAOr/6QD2/9cBOv/XAUr/0wFM/9YBTf/FAVj/5wFiAA0BZAAMAW3/1gFu//IB2//pAeX/5wIx/+kAAQEc//EAEgDZ/64A5gASAOv/4ADt/60A7//WAP3/3wEB/9IBB//gARz/zgEu/90BMP/iATj/4AFA/+ABSv/pAU3/2gFf/70Baf/fAWwAEQACAPb/9QGF/8AAAgDt/2gBHP/uAAoA5v/DAPb/zwD+/9QBOv/OAUn/5wFM/98BYv/RAWT/7AFs/6ABbf/RADAAVv9+AFv/nQBt/vEAfP70AIH+qwCG/14Aif9LALj/cgC//w8Aw/8KAMb/QQDH/wcAyv9oAMz/DwDN/w4Azv8MANn/YwDmAAUA6v+9AOv/SQDt/v4A7/8TAPb/aAD9/w4A/v9oAP//EwEB/wcBAgAwAQf/DgEJ/xEBHP7nASD/rAEu/xUBMP88ATj/DgE6/2oBQP9JAUr/DAFM/z8BTf7xAVj/wAFf/u8BY/8xAWX/XwFp/woBbAAFAW3/MAFu/9UAHQAK/+IADQAUAA7/zwBBABIASv/qAFb/2ABY/+oAYQATAG3/rgB8/80Agf+gAIb/wQCJ/8AAuP/QALz/6gC//8YAwAANAML/6QDD/9YAxv/oAMf/ugDK/+kAzP/LAM3/2gDO/8cBjf/TAdv/ywHl/8sCMf/NABgAI/+vAFj/7wBb/98Amv/uALj/5QC5/9EAxAARAMr/yADZABMA5v/FAPb/ygD+/9ABOv+BAUn/ZQFK/4UBTP9mAU3/3QFY//IBYv+xAWT/ygFs/6kBbf/IAdb/zQHl//UACAD2//AA/v/wAQn/8QEg//MBOv/xAWP/8wFl//MBbf/xAAMASv/uAFv/6gHW//AACQDK/+oA7f+4APb/4gEJ//ABIP/xATr/6wFj//UBbf/sAYX/kAACAREACwFs/+YAEwBb/8EAuP/FAMr/tADq/9cA9v+5AP7/6QEJ/7IBHP/SASD/yAE6/6ABSv/FAVj/5AFj/8wBZf/MAW3/ywFu/+8B2//nAeX/5gIx/+gABQBb/8wB1v+4Adv/8gHl//ECMf/zAAgA2QAVAO0AFQFJ/+QBSv/lAUz/5AFi/+MBZP/iAWz/5AACAPb/1gGF/4gABwBYAA4Agf7XAMT/mADH/8cA2f8SAO3/UgFf/88ABgDK/+oA7f/uAPb/1gD+/+0BOv/sAW3/7AAEAEoAFABYADIAWwARAYUAEAA0AAT/xABW/78AW//RAG3/bAB8/24Agf9DAIb/rACJ/6EAuP+4AL//fgDD/3sAxv+bAMf/eQDK/7IAzP9+AM3/fQDO/3wA2f+vAOYADwDq/+QA6/+gAO3/dADv/4AA9v+yAP3/fQD+/7IA//+AAQH/eQECACgBB/99AQn/fwEc/2YBIP/aAS7/gQEw/5gBOP99ATr/swFA/6ABSv98AUz/mgFN/2wBWP/mAV//awFj/5IBZf+tAWn/ewFsAA8Bbf+RAW7/8gHb/7kB5f+5AjH/uQAHAA0AFABBABEAVv/iAGEAEwHb/9kB5f/ZAjH/2QAGAEoADQDGAAsAx//qAMoADADt/8gBHP/xAAcADQAPAEEADABW/+sAYQAOAdv/5wHl/+cCMf/pAAYAW//lALj/ywDN/+QB2//sAeX/6wIx/+0ABwCB/98Atf/zALf/8ADE/+oA2f/fAOb/4AFs/+AAAQHb/+sABAHW/8cB2//yAeX/8gIx//IAAQHW//EAAQHWAA0AAgsMAAQAAA6sF2gAJgAlAAAAAAAAAAAAAAAAABIAAAAAAAAAAP/j/+QAAAAAAAAAAAARAAAAAAAAAAAAAAAAAAAAEQAAABEAAAAAAAAAAP/k/+UAAAAAAAAAAAAAAAAAAAAAAAD/6wAAAAAAAAAA/6v/1f/tAAAAAAAA/+oAAP/pAAAAAAAAAAAAAP/h/4YAAP/1/+oAAAAAAAAAAAAAAAAAAAAAAAD/6//Q//T/9QAAAAD/9f/O/+//iP9qAAAAAAAMAAAAAP/xAAD/iAAA/9n/xP/HABEAAAASAAD/swAAAAD/yf/fAAAAAP/dAAAAAAAAAAAAAAAAAAAAAAAA//EAAAAAAAAAAAAA//AAAAAAAAAAAP+o/+sAAAAAAAAAAAAA//AAAAAAAAAAAAAAAAAAAAAAAAAAAAAAAAAAAAAAAAAAAAAAAAAAAAAAAAAAAAAAAAAAAAAAAAAAAAAA/7AAAAAAAAAAAAAAAAAAAAAAAAAAAAAAAAAAAAAAAAAAAAAA/+0AAAAA/+3/7wAAAAAAAP/mAAAAFAAAAAAAAAAAAAAAAAAAAAAAAAAAAAD/8AAAAAAAAAAAAAAAAAAAAAAAAAAAAAAAAP/tAAAAAAAAAAAAAAAAAAAAAAAA//EAAAAAAAAAAAAAAAAAAAAAAAAAAP/vAAAAAAAAAAAAAAAAAAAAAAAAAAAAAAAAAAAAAAAAAAAAAAAAAAAAAAAAAAAAAAAAAAD/9QAAAAAAAAAAAAD/8QAAAAAAAAAA/+P/8QAAAAAAAAAAAAD/8gAAAAAAAAAAAAAAAAAAAAAAAAAAAAAAAAAAAAAAAAAAAAAAAP/zAAAAAAAAAAAAAAAAAAAAAAAAAAD/8gAAAAAAAAAAAAAAAAAAAAAAAAAAAAAAAAAAAAAAAAAAAAD/8wAAAAD/8QAAAAD/8QAAAAAAAAAAAAAAAAAAAAAAAAAAAAAAAAAPAAAAAAAAAAAAAP9Z/9cAAAAAAAAAAAAAAAAAAAAAAAAAAAAAAAAAAAAAAAD/6gAAAAAAAAAAAAAAAP/rAAAAAAAAAAAAAAAAAAAAAAAAAAAAAAAAAAAAAAAAAAAAAAAAAAAAAAAAAAAAAAAA/+b/4QAA/+X/6QAAAAD/5//YAAAAAAAAAAAAAAAAAAAAAAAAAAAAAAAAAAAAAAAAAAAAAAAAAAAAAAAA/1wAAP+jAAAAAAAAAAD/v//j/9j/v//Z/2r/wf/L/+z/oAARABL/q//G/+L/8AANAAAAAAAA/+kAEQAA//MAAP8ZAAD/7wASAAD/aAAAAAAAAP+g//MAAAAAAAAAAAAAAAAAAAAAAAAAAAAAAAAAAAAAAAAAAAAAAAAAAAAAAAAAAAAA/+r/7gAAAAAAAP/sAAAAAAAAAAAAAAAAAAAAAAAA/6f/5P+n/zD/v/+I/1j/uf+uAAAAEAAQ/6//tP/E//AAAAAAAAAAAP+zAA8AAP/x/8v+/v9+/+0AEP+8/vAAAP98AAD/KP/xAAAAAAAAAAAAAAAAAAAAAP/yAAAAAAAAAAAAAAAAAAAAAAAA/+wAAAAAAAAAAP+//8AAAAAAAAAAAAAAAAAAAAAAAAAAAAAA/9gAAP/wAAAAAP/wAAAAAAAAAAAAAAAAAAAAAAAAAAAAAAAAAAAAAAAAAAAAAAAAAAAAAAAAAAAAAAAAAAAAAAAAAAAAAAAAAAAAAAAA/+v/5gAA/+v/7QANAAD/7P/lAAAAAAAAAA0AAAAAAAAAAAAAAAAAAAAAAAAAAAAAAAAAAAAAAAAAAAAAAAAAAAAAAAAAAAAAAAD/5v/nAAD/6//rAAAAAP/n/+EAAAAAAAAAAAAAAAAAAAAAAAAAAAAAAAAAAAAAAAAAEQAAABEAAAAOAAD/ZAAA/9EAAAAAAAAAAAAAAAAAAAAAAAAAAAAAAAAAAAAA/+MAAAAAAAAAAAAAAAAAAAAAAAAAAAAAAAAAAAAAAAAAAAAAAAAAAAAAAAAAAAAAAAAAAAAA/+wAAAAA/9gAAAAAAAAAAAAAAAAAAAAAAAAAAAAAAAAAAAAAAAAAAAAAAAAAAAAAAAAAAAAAAAAAAAAAAAAAAAAAAAAAAAAAAAD/7QAAAAD/3AAAAAD/4gAAABIAAAAAAAAAAAAAAAAAAAAAAAAAAAAQAAAAAAAAAAAAAP9TAAAAAAAAAAAAAAAAAAAAAAAAAAAAAP/zAAAAAP/zAAD/Tv/1AAAADwAAAAAAAP+AAAAAAAAA/80AAP/cAAAAAAAAAAAAAP9v/mz/pwAAAAAAAAAAAAAAAAAA/0gAAAAAAAAAAAAAAAAAAAAAAAAAAAAAAAAAAAAAAAAAAAAAAAAAAAAAAAD/9QAAAAAAAAAAAAAAAAAAAAAAAAAAAAAAAAAAAAAAAAAAAAAAAP/AAAAAAP/yABMAAP/y/4X/6P8z/ukAEwAAAAAAAAAA/+4AAP7gAAD/o/+3/70AAAAAAAAAAP8yAAAAAAAAAAAAAAAA/9cAAP/FAAD/7P+lAAD/iP/OAAAAAAAAAAAAAAAA/6QAAAAAAAAAAAAA/9sAAAAAAAAAAAAAAAAAAAAAAAAAAAAAAAAAAAAAAAAAAAAA/+wAAAAA/+wAAAAAAAAAAAAAAAAAAAAAAAAAAAAAAAAAAAAAAAAAAAAAAAAAAAAAAAAAAP/YAAAAAAAAAAAAAAAAAAAAAAAAAAD/4QAAAAD/4f/t/9X/3//nAAAAAAAOAAD/ywAAAAAAAAAAAAAAAAAAAAAAAAAAAAAAAP9xAAAAAAAAAAD/xAAAAAAAAAAAAAAAAAAAAAAAAAAAAAAAAAAAAAAAAAAA/+X/yQAAAAAAAAAAAAAAAAAAAAAAAAAAAAAAAAAAAAAAAAAA/+gAAAAAAAAAAP/zAAAAAAAA/9T/8wAA/9L/5P+1/9L/2f/1AAAAAAAA/7QAAAAAAAAAAAAAAAAAAAAAAAAAAAAAAAD/KQAAAAAAAAAA/2MAAAAAAAAAAAAAAAAAAAAAAAAAAAAAAAAAAP/rAAAAAAAAAAAAAAAAAAAAAAAAAAAAAAAAAAAAAAAAAAAAAAAAAAAAAAAAAAAAAAAAAAAAAAAAAAAAAAAAAAAAAAAAAAAAAAAAAAD/tQAAAAAAAAAAAAAAAAAAAAAAAAAA/3n/6wAAAAAAAAAAAAAAAAAAAAAAAAAAAAD/4wAAAAAAAAAAAAAAAAAAAAAAAAAAAAAAAAAAAAD/n/+tAAAAAAAAAAAAAAAAAAD/wP/JAAAAAAAAAAAAAAAAAAD/yAAAAAD/5wAA/+sAAAAAAAAAAAAAAAAAAAAAAAAAAAAAAAAAAAAAAAAAAAAAAAAAAAAAAAAAAP7jAAAAAAAAAAAAAAAAAAAAAAAAAAAAAAAAAAAAAAAAAAAAAP9V/73/Vf9m/37/M/9fAAD/YQAAAAcABwAA/2v/hv/RAAAAAAAAAAD/agAFAAAAAP+S/jb/DwAAAAcAAP4eAAD/DAAAAAAAAAAAAAAAAAAAAAAAAAAAAAAAAAAAAAAAAAAAAAAAAAAAAAAAAAAAAAAAAAAAAAAADQAAAAAAAAAAAAAAAAAAAAAAAAAAAAAAAAAAAAAAAAAAAAAAAAAAAAAAAP/vAAAAAAAAAAAAAAAAAAAAAAAA/+wAAAAAAAAAAP+0/7sAAAAAAAAAAAAAAAAAAAAAAAAAAAAA/9UAAP+9/+n/rv+9AAD/pf+vAAAAAAAAABIAEgAA/9IAAAAAAAAAAAAAAAAAAAAAAAAAAP/K/nf/uwAAAAAAAP85AAD/6QAAAAAAAAACAJoABgAGAAAACwALAAEAEAAQAAIAEgASAAMAJQApAAQALAA0AAkAOAA+ABIARQBHABkASQBJABwATABMAB0AUQBUAB4AVgBWACIAWgBaACMAXABeACQAigCKACcAlgCWACgAsQC0ACkAvQC9AC0AwQDBAC4AxwDHAC8A1ADVADAA1wDXADIA2gDaADMA3ADeADQA4ADmADcA7ADsAD4A7gDuAD8A9wD3AEAA/AD8AEEA/gD/AEIBBAEFAEQBCgEKAEYBDQENAEcBGAEaAEgBLgEwAEsBMwE1AE4BNwE3AFEBOQE5AFIBOwE7AFMBQwFEAFQBVAFUAFYBVgFWAFcBWAFYAFgBXAFeAFkBhAGKAFwBjgGPAGMB2AHYAGUB3QHdAGYB4AHhAGcB6wHtAGkB/wH/AGwCDgIQAG0CMAIwAHACMwIzAHECRQJFAHICRwJIAHMCegJ7AHUCfQJ9AHcCfwKlAHgCqgKvAJ8CtALEAKUCxgLPALYC2ALaAMAC3ALcAMMC3gLeAMQC4ALgAMUC4gLiAMYC5QLlAMcC5wLnAMgC6QLpAMkC6wLrAMoC7QLtAMsC7wLvAMwC8QL9AM0C/wL/ANoDAQMBANsDAwMDANwDDgMOAN0DEAMQAN4DEgMSAN8DFAMUAOADFgMWAOEDGAMYAOIDGgMaAOMDHAMcAOQDHgMeAOUDIAMgAOYDIgMqAOcDLwM4APADQwNHAPoDTQNPAP8DVANUAQIDZQNpAQMDbQNvAQgDeAN4AQsDhgOLAQwDjgOdARIDoAOgASIDpAOkASMDpgOmASQDqgOqASUDrQOuASYDsAO5ASgDuwO9ATIDvwPEATUDxgPMATsD0gPTAUID1QPVAUQD1wPXAUUD2QPcAUYD3wPkAUoD5gPmAVAD6gPrAVED8AP7AVMD/gP/AV8EAQQEAWEECwQMAWUEEAQQAWcEEgQYAWgEHgRGAW8ESARIAZgESgRXAZkEXwRfAacEYgRiAagEZARkAakEcAR1AaoEdwR3AbAEewR8AbEEfwR/AbMEgQSCAbQEhASEAbYEhgSGAbcElwSbAbgEnQSdAb0EnwSgAb4EogSiAcAEpgSoAcEEqgSqAcQErASuAcUEsASwAcgEsgSyAckEtAS6AcoEvAS8AdEEvwS/AdIEwQTGAdMEyATLAdkEzwTPAd0E0gTSAd4E2ATYAd8E3QTdAeAE6AToAeEE6gTqAeIE8QTxAeME9QT1AeQAAgF0AAYABgAZAAsACwAZABAAEAAhABIAEgAhACUAJQACACYAJgAcACcAJwATACgAKAABACkAKQAFAC4ALgAKAC8ALwALADAAMAAYADMAMwABADQANAAWADgAOAAOADkAOQAKADoAOgAdADsAOwAbADwAPAASAD0APQAMAD4APgARAEUARQAGAEYARgAHAEcARwAXAEkASQAIAEwATAAEAFEAUgAEAFMAUwADAFQAVAAHAFYAVgAVAFoAWgAJAFwAXAAUAF0AXQAJAF4AXgAQAIoAigAHAJYAlgABALEAsQAiALIAsgACALMAswABALQAtAACAL0AvQAJAMEAwQAEAMcAxwAHANQA1QAgANoA2gASAN4A3gAlAOQA5AAgAOYA5gAgAOwA7AAaAO4A7gAUAPcA9wAHAPwA/AAfAP4A/gAfAP8A/wAHAQQBBQAfAQoBCgAfAQ0BDQACARgBGAADARkBGQAdARoBGgAJAS4BLgAHAS8BLwAiATABMAAaATMBMwASATQBNAAUATUBNQALATcBNwALATkBOQALAUMBQwASAUQBRAAUAVgBWAABAVwBXAAaAV0BXQASAV4BXgAUAYQBhQAZAYYBhgAhAYcBiQAZAYoBigAhAY4BjwAhAdgB2AAjAd0B3QANAeAB4AAkAeEB4QAeAesB6wAPAewB7AANAe0B7QAPAf8B/wAeAg4CEAAeAjACMAANAjMCMwAPAkUCRQATAkcCSAABAnoCewABAn0CfQAOAn8ChQACAoYChgATAocCigAFApAClAABApUCmAAKApkCmQAMApoCoAAGAqECoQAXAqICpQAIAqoCqgAEAqsCrwADArQCtQAJArYCtgACArcCtwAGArgCuAACArkCuQAGAroCugACArsCuwAGArwCvAATAr0CvQAXAr4CvgATAr8CvwAXAsACwAATAsECwQAXAsICwgATAsMCwwAXAsQCxAABAsYCxgAFAscCxwAIAsgCyAAFAskCyQAIAsoCygAFAssCywAIAswCzAAFAs0CzQAIAs4CzgAFAs8CzwAIAtkC2QAEAuUC5QAKAucC5wALAukC6QAYAusC6wAYAu0C7QAYAu8C7wAYAvIC8gAEAvQC9AAEAvYC9wAEAvgC+AABAvkC+QADAvoC+gABAvsC+wADAvwC/AABAv0C/QADAv8C/wAVAwEDAQAVAwMDAwAVAw4DDgAOAxADEAAOAxIDEgAOAxQDFAAKAxYDFgAKAxgDGAAKAxoDGgAKAxwDHAAKAx4DHgAKAyADIAAbAyIDIgAMAyMDIwAJAyQDJAAMAyUDJQARAyYDJgAQAycDJwARAygDKAAQAykDKQARAyoDKgAQAy8DMAANAzEDMQAjAzIDOAAPA0MDRwANA00DTwAPA1QDVAANA2UDZQAeA2YDaQAkA20DbwANA3gDeAAjA4YDhgACA4cDhwAFA4oDigABA4sDiwAMA44DjgACA48DjwAcA5ADkAAFA5EDkQARA5QDlAALA5cDlwABA5gDmAAWA5kDmQAOA5oDmgAMA5sDmwASA50DnQAMA6ADoAAEA6QDpAADA6YDpgAJA6oDqgADA60DrQAFA64DrgAiA7IDsgAKA7MDtAALA7UDtQAlA7YDtgACA7cDtwAcA7gDuAAiA7kDuQAFA70DvQABA78DvwAWA8ADwAATA8EDwQAOA8IDwgASA8MDwwAGA8QDxAAIA8YDxgADA8cDxwAHA8gDyAAXA8kDyQAJA8oDygAUA8sDywAIA8wDzAAaA9ID0gAJA9MD0wAbA9UD1QAbA9cD1wAbA9kD2QAMA9oD2gAJA9sD3AAZA98D3wAZA+ED4QAEA+ID4gACA+MD4wAGA+QD5AAFA+YD5gAIA+oD6gAdA+sD6wAJA/AD8AATA/ED8QAXA/ID8gAMA/MD8wAJA/UD9QASA/YD9gAUA/gD+AACA/kD+QAGA/oD+gACA/sD+wAGA/4D/gAFA/8D/wAIBAEEAgAIBAMEAwASBAQEBAAUBAsECwABBAwEDAADBBAEEAADBBIEEgAHBBMEEwAlBBQEFAAJBBUEFQAlBBYEFgAJBBcEFwAlBBgEGAAJBB4EHgACBB8EHwAGBCAEIAACBCEEIQAGBCIEIgACBCMEIwAGBCQEJAACBCUEJQAGBCYEJgACBCcEJwAGBCgEKAACBCkEKQAGBCoEKgACBCsEKwAGBCwELAACBC0ELQAGBC4ELgACBC8ELwAGBDAEMAACBDEEMQAGBDIEMgACBDMEMwAGBDQENAACBDUENQAGBDYENgAFBDcENwAIBDgEOAAFBDkEOQAIBDoEOgAFBDsEOwAIBDwEPAAFBD0EPQAIBD4EPgAFBD8EPwAIBEAEQAAFBEEEQQAIBEIEQgAFBEMEQwAIBEQERAAFBEUERQAIBEoESgABBEsESwADBEwETAABBE0ETQADBE4ETgABBE8ETwADBFAEUAABBFEEUQADBFIEUgABBFMEUwADBFQEVAABBFUEVQADBFYEVgABBFcEVwADBF8EXwADBGIEYgAKBGQEZAAKBHAEcAAMBHEEcQAJBHIEcgAMBHMEcwAJBHQEdAAMBHUEdQAJBHcEdwAOBHsEewAiBHwEfAAaBH8EfwAEBIEEgQAgBIIEggAiBIQEhAALBIYEhgAMBJgEmAAEBJkEmQACBJoEmgAGBJsEmwAFBJ8EnwABBKAEoAADBKIEogAVBKYEpgAcBKcEpwAHBKgEqAABBKoEqgABBK0ErQAEBK4ErgALBLAEsAALBLIEsgAYBLUEtQAEBLcEtwAEBLgEuAABBLkEuQAWBLoEugAHBLwEvAAVBL8EvwAOBMEEwQAKBMIEwgAdBMMEwwAJBMQExAAdBMUExQAJBMYExgAbBMgEyAARBMkEyQAQBMoEygABBMsEywAPBM8EzwANBNIE0gAPBNgE2AAeBN0E3QAjBOgE6AAeBOoE6gAPBPEE8QANBPUE9QAjAAEABgT1ABQAAAAAAAAAAAAUAAAAAAAAAAAAGgAfABoAAAAAAAAAAAAAAAAAAAAAAAAAAAAAAAAAAAAAAAAAAAAAAAAABgAAAAIAAAAAAAAAAgAAAAAAIwAAAAAAAAAAAAIAAAACAAAAEAALAAoAHQAWABEADAATAAAAAAAAAAAAAAAAAAcAAAABAAEAAQAAAAEAAAAAAAAAAAAAAAMAAwAEAAMAAQAAAA4AAAAFAAkAAAAVAAkADwAAAAAAAAAAAAAAAAAAAAAAAAAAAAAAAAAAAAAAAAAAAAAAAAAAAAAAAAAAAAAAAAAAAAAAAAAAAAAAAAAAAAAAAAAAAAAAAAACAAAAAAAAAAAAAAAAAAAAAAAAAAAAAAAAAAAAAAAAAAIAAQAAAAAAAAACAAEAAAAFAAAAAAAAAAAAAAAAAAAAAAAAAAAAAAAAAAAAAAAAAAAAAAAAAAAAAAAAAAAABgACAAYAAAAAAAAAAAAAAAAAAQAAAAkAAAAAAAAAAwAAAAAAAAAAAAAAAAABAAEAAAAFAAAAAAAAAAAAAAAAAAsAAgAZAAAACwAAAAAAAAARAAAAAAAZACIAAAAAACAAAAAAAAAAAAAAAAAAAAAAAAAAAAADAAAAFQAAAAMAAwAbAAMAAwADAAAAAQADACEAAwADAAAAAAADAAAAAwAAAAAAAQAbAAMAAAAAAAIAAAAAAAAAAAAGAAAAAAAAAAAAAAAAAAAAAAAAAAIABAAdAAkAAgAAAAIAAQACAAAAAgABAAAAAAAAAAAAAAAAAAAAAAADAAAAAAAAAAAAAAAAAAAAEQAVAAAAAwAAAAAACwAAAAAAAwAAAAMAAAAAAAIAAQARABUACwAAACAAIQAAAAAAAAAAAAAAAAAAABkAGwAAAAMAAAADAAAAAwAAAAAAAAAAAAMAEQAVAAAAAQABAAAAAAAAAAAAGQAAAAAAAAACAAEAAAAAAAAAGQAbAAAAAAAAAAAAAAAAAAAAAAAAAAAAAAAAAAAAAAAAAAAAHwAfAAAAFAAUABoAFAAUABQAGgAAAAAAAAAaABoAAAAAAAAAAAAAAAAAAAAAAAAAAAAAAAAAAAAAAAAAAAAAAAAAAAAAAAAAAAAAAAAAAAAAAAAAAAAAAAAAAAAAAAAAAAAAAAAAAAAAAAAAAAAAAAAAAAAAAAAAAAAAAAAAAAAOAAAAAAAAAAAAAAAAAAAAAAAAAAAAAAAAAAAAAAAAAAAAAAAXABwAJAAAABIAGAAeAAAACAAAAAgAAAAAAAAAAAAAAAAAAAAIAAAAAAAAAAAAAAANAAgADQAAAAAAAAAAAAAAAAAYAAgAAAAAABgAAAAAAAAAHAAAAAAAAAAAAAAAAAAAAAAAAAAAAAAAAAAAAAAAAAAAABwAAAAAABgACAAXABwAGAAAAAAAAAAAAAAACAAAAAAAAAAAAAAAAAAAAAAAAAAAAAAAAAAAAAAAAAAAAAAAAAAAAAAAAAAAAAgAAAANAAAAAAAAAAAAAAAAAAAAAAAAAAAAAAAAAAAAAAAAAAAAAAACAAIAAAACAAIAAAAAAAAAAAAAAAAAAAAAAAAAAAAAAAAAAAAAAAAAAAAAAAAAAAAAAAAAAAAAAAAAAAAAAAAAAAAAAAAAAAAAAAAAAAAAAAAAAAAAAAAAAAAAAAAAAAAAAAAAAAAAAB8AAAAAAAAAAAAAAAYABgAGAAYABgAGAAYAAgAAAAAAAAAAAAAAAAAAAAAAAAACAAIAAgACAAIACgAKAAoACgAMAAcABwAHAAcABwAHAAcAAQABAAEAAQABAAAAAAAAAAAAAwAEAAQABAAEAAQABQAFAAUABQAJAAkABgAHAAYABwAGAAcAAgABAAIAAQACAAEAAgABAAAAAQAAAAEAAAABAAAAAQAAAAEAAAABAAIAAQACAAEAAgABAAIAAQAAAAAAAAAAAAAAAAAAAAAAAAAAAAAAAAAAACMAAAAAAAAAAAAAAAAAAAAAAAAAAAAAAAAAAwAAAAMAAAADAAMAAgAEAAIABAACAAQAAAAAAAAAAAAAAAAAEAAOABAADgAQAA4AEAAOABAADgALAAAACwAAAAsAAAAKAAUACgAFAAoABQAKAAUACgAFAAoABQAWAAAADAAJAAwAEwAPABMADwATAA8AAAAAAAIAAAAAAAAAAAANAA0ADQANAA0ADQANAAgAAAAAAAAAAAAAAAAAAAAAAAAACAAIAAgACAAIABIAEgASABIAFwANAA0ADQAIAAgACAAIAAAAAAAAAAAAAAAAAAgACAAIAAgAAAAAAAAAAAAAAAAAAAAAAAAAAAAAAAAAAAAAAAAACAAIAAgAAAAAAAAAHgAeAB4AHgAAABgAAAASABIAEgASABIAEgAkABcAFwAAAAAAAAAGAAAAAAAAAAIADAAAAAAABgAAAAAAEwAAAAAAAAAAAAAAAgAAAAAADAARAAAADAABAAAAAwAAAAUAAAAEAAAACQAAAAAABQAEAAUAAAAAAAAAAAAAAAAAIwAAAAAAIgAGAAAAAAAAAAAAAAAAAAIAAAAAAAIACwARAAcAAQADAAQAAwABAAkAFQABAAMADgAAAAAAAAADAAkAFgAAABYAAAAWAAAADAAJABQAFAAAAAAAFAAAAAMABgAHAAAAAAABAAMAAAAAAB0ACQABAAIAAAAAAAIAAQAMAAkAAAARABUAAAAGAAcABgAHAAAAAAAAAAEAAAABAAEAEQAVAAAAAAAAAAMAAAADAAIABAACAAEAAgAEAAAAAAAiAAkAIgAJACIACQAgACEAAAADAAEABgAHAAYABwAGAAcABgAHAAYABwAGAAcABgAHAAYABwAGAAcABgAHAAYABwAGAAcAAAABAAAAAQAAAAEAAAABAAAAAQAAAAEAAAABAAAAAQAAAAAAAAAAAAIABAACAAQAAgAEAAIABAACAAQAAgAEAAIABAACAAEAAgABAAIAAQACAAQAAgABAAoABQAKAAUAAAAFAAAABQAAAAUAAAAFAAAABQAMAAkADAAJAAwACQAAAAsAAAAgACEAAAADAAAAAAAAAAAAAAAAAAAAAAAAAAwAAAAAAAAAAAAAAB8AAAAAAAAAAAAAAAAAAAAAAAAAAAAAAAMABgAHAAAAAQAAAAAAAgAEAAAAAAAAAAUAAAAAAAAAAAABAAAAAQAAAAAAAAAAAAAAAAAAAAAAAAADAAAAAwACAAAAAAAAAAAAEAAOAAsAAAAKAB0ACQAdAAkAFgAAABMADwAAAA0AAAAAAAAACAAXAAAADQAAAAAAAAAAAAAAAAAAAAAAAAAAAAAAFwAcAAAAFwAAAAAAAAAAAAAAAAAAAAAADQAAAAAAAAAAAAAAAAAIAAAAAAAIABgAHAAAAAAACAAXAAAAAQAAAAoBYgKSAARERkxUABpjeXJsABpncmVrABpsYXRuAEgABAAAAAD//wASAAAAAQACAAMABAAIAAwADQAOAA8AEAARABIAEwAUABUAFgAXAC4AB0FaRSAA5ENSVCAA5EZSQSAAWk1PTCAAtk5BViAAiFJPTSAAtlRSSyAA5AAA//8AEwAAAAEAAgADAAQABwAIAAwADQAOAA8AEAARABIAEwAUABUAFgAXAAD//wAUAAAAAQACAAMABAAGAAgACQAMAA0ADgAPABAAEQASABMAFAAVABYAFwAA//8AFAAAAAEAAgADAAQABgAIAAsADAANAA4ADwAQABEAEgATABQAFQAWABcAAP//ABQAAAABAAIAAwAEAAYACAAKAAwADQAOAA8AEAARABIAEwAUABUAFgAXAAD//wATAAAAAQACAAMABAAFAAgADAANAA4ADwAQABEAEgATABQAFQAWABcAGGMyc2MAkmNjbXAAmGRsaWcAoGRub20ApmZyYWMArGxpZ2EAtmxpZ2EAvGxpZ2EAyGxudW0A0GxvY2wA1mxvY2wA3GxvY2wA4m51bXIA6G9udW0A7nBudW0A9HNtY3AA+nNzMDEBAHNzMDIBBnNzMDMBDHNzMDQBEnNzMDUBGHNzMDYBHnNzMDcBJHRudW0BKgAAAAEAAAAAAAIAAgAEAAAAAQAKAAAAAQAYAAAAAwAWABcAGQAAAAEACQAAAAQACAAJAAgACQAAAAIACAAJAAAAAQAVAAAAAQAHAAAAAQAFAAAAAQAGAAAAAQAZAAAAAQASAAAAAQATAAAAAQABAAAAAQALAAAAAQAMAAAAAQANAAAAAQAOAAAAAQAPAAAAAQAQAAAAAQARAAAAAQAUABoANgQwB+4IoAjKD24PhA+uD8IP5hAQEEwQYBB0EIgQmhC0EPYRFBFmEawSDhJsEoASsBLSAAEAAAABAAgAAgH6APoB5wJxAdEB0AHPAc4BzQHMAcsBygHJAcgCMwIyAjECMAIoAeYB5QHkAeMB4gHhAeAB3wHeAd0B3AHbAdoB2QHYAdcB1gHVAdQB0wHSAegB6QJzAnUCdAJ2AnICdwJSAeoB6wHsAe0B7gHvAfAB8QHyAfMB9AH1AfYB9wH4AfkB+gH7AfwB/QH+AgACAQT+AgICAwIEAgUCBgIHAggCCQIKAgsCOwINAg4CDwIQBPgCEQITAhQCFQIWAhcCGAIZAhsCHAIeAh0DLwMwAzEDMgMzAzQDNQM2AzcDOAM5AzoDOwM8Az0DPgM/A0ADQQNCA0MDRANFA0YDRwNIA0kDSgNLA0wDTQNOA08DUANRA1IDUwNUA1UDVgNXA1gDWQNaA1sDXANdA14DXwNgA2EDYgNjBP8DZANlA2YDZwNoA2kDagNrA2wDbQNuA28DcANxA3IDcwN0A3UFAgN2A3cDeQN4A3oDewN8A30DfgN/A4ADgQOCA4MDhAOFBQAFAQTLBMwEzQTOBM8E0ATRBNIE0wTUBNUE1gTXBNgE2QTaBNsE3ATdBN4E3wTgBOEE4gTjBOQE5QTmBOcB/wToBOkE6gTrBOwE7QTuBO8E8ATxBPIE8wT0BPUE9gUDBQQFBQUGBPcE+QT6BPwCGgT9BPsCDAISBQsFDAABAPoACAAKABQAFQAWABcAGAAZABoAGwAcAB0AJQAmACcAKAApACoAKwAsAC0ALgAvADAAMQAyADMANAA1ADYANwA4ADkAOgA7ADwAPQA+AGUAZwCBAIMAhACMAI8AkQCTALEAsgCzALQAtQC2ALcAuAC5ALoA0gDTANQA1QDWANcA2ADZANoA2wDcAN0A3gDfAOAA4QDiAOMA5ADlAOYA5wDoAOkBLwEzATUBNwE5ATsBQQFDAUUBSQFLAUwBWAFZAZcBnQGiAaUCegJ7An0CfwKAAoECggKDAoQChQKGAocCiAKJAooCiwKMAo0CjgKPApACkQKSApMClAKVApYClwKYApkCtgK4AroCvAK+AsACwgLEAsYCyALKAswCzgLQAtIC1ALWAtgC2gLcAt4C4ALiAuMC5QLnAukC6wLtAu8C8QLzAvUC+AL6AvwC/gMAAwIDBAMGAwgDCgMMAw4DEAMSAxQDFgMYAxoDHAMeAyADIgMkAyUDJwMpAysDLQOGA4cDiAOJA4oDiwOMA44DjwOQA5EDkgOTA5QDlQOWA5cDmAOZA5oDmwOcA50DrQOuA68DsAOxA7IDswO0A7UDtgO3A7gDuQO6A7sDvAO9A74DvwPAA8EDwgPTA9UD1wPZA+4D8APyBAcEDQQTBH0EggSGBQcFCQABAAAAAQAIAAIB3ADrAnECMwIyAjECMAIoAeYB5QHkAeMB4gHhAeAB3wHeAd0B3AHbAdoB2QHYAdcB1gHVAdQB0wHSAmQCcwMwAnUCdAMvAeMCcgJ3AlIE0gTTAeoB6wTUBNUE1gHsBNcB7QHuAe8E3AHwAfAE3QTeAfEB8gHzAfoE6wTsAfsB/AH9Af4B/wIABO8E8ATyBPUE/gICAgMCBAIFAgYCBwIIAgkCCgILAfQB9QH2AfcB+AH5AjsCDQIOAg8CEAT4AhECEwIUAhUCFwIZAnYDMQMyAzMDNAM1AzYDNwM4AzkDOgM7AzwDPQM+Az8DQANBA0IDQwNEA0UDRgNHA0gDSQNKA0sDTAOCA00DTgNPA1ADUQNSA1MDVANVA1YDVwNYA1kDWgNbA1wDXQNeA18DYANhA2IE/wNkA2UDZgNnA2gDaQNqA2sDbANtA24DbwNwA3EDcgNzA3QDdQUCA3YDdwN5A3gDegN7A3wDfQN+A38DgAOBA4MDhAOFBQAFAQTLBMwEzQTOBNgE2wTZBNoE3wTgBOEEzwTQBNEE6gTtBO4E8QTzBPQCAQT2BOIE4wTkBOUE5gTnBOgE6QUDBQQFBQUGBPcE+QT6AhgE/AIaBP0E+wIWAgwCEgULBQwAAQDrAAoARQBGAEcASABJAEoASwBMAE0ATgBPAFAAUQBSAFMAVABVAFYAVwBYAFkAWgBbAFwAXQBeAIUAhgCHAIkAigCLAI0AkACSAJQAuwC8AL0AvgC/AMAAwQDCAMMAxADFAMYAxwDIAMkAygDLAMwAzQDOAOoA6wDsAO0A7gDvAPAA8QDyAPMA9AD1APYA9wD4APkA+gD7APwA/QD+AP8BAAEBAQIBAwEEAQUBBgEHATABNAE2ATgBOgE8AUIBRAFGAUoBTQFaAnwCfgKaApsCnAKdAp4CnwKgAqECogKjAqQCpQKmAqcCqAKpAqoCqwKsAq0CrgKvArACsQKyArMCtAK1ArcCuQK7Ar0CvwLBAsMCxQLHAskCywLNAs8C0QLTAtUC1wLZAtsC3QLfAuEC5ALmAugC6gLsAu4C8ALyAvQC9gL5AvsC/QL/AwEDAwMFAwcDCQMLAw0DDwMRAxMDFQMXAxkDGwMdAx8DIQMjAyYDKAMqAywDLgOeA58DoAOhA6MDpAOlA6YDpwOoA6kDqgOrA6wDwwPEA8UDxgPHA8gDyQPKA8sDzAPNA84DzwPQA9ED0gPUA9YD2APaA+8D8QPzBAEECAQOBBQEfgR/BIMEhwUIBQoABgAAAAYAEgAqAEIAWgByAIoAAwAAAAEAEgABAJAAAQAAAAMAAQABAE0AAwAAAAEAEgABAHgAAQAAAAMAAQABAE4AAwAAAAEAEgABAGAAAQAAAAMAAQABAuEAAwAAAAEAEgABAEgAAQAAAAMAAQABA84AAwAAAAEAEgABADAAAQAAAAMAAQABA9AAAwAAAAEAEgABABgAAQAAAAMAAQABBEkAAgACAKgArAAAASQBJwAFAAEAAAABAAgAAgASAAYCYQJfAmICYwJgBQ0AAQAGAE0ATgLhA84D0ARJAAQAAAABAAgAAQYyADYAcgCkAK4AuADKAPwBDgEYAUoBZAF+AZABugH2AgACIgI8Ak4CigKcArYC4ALyAyQDLgM4A0oDfAOGA5ADmgO0A84D4AQKBDwERgRoBIIElATGBNgE8gUcBS4FOAVCBUwFVgWABaoF1AX+BigABgAOABQAGgAgACYALAKAAAIAqQQeAAIArQJ/AAIAqAQgAAIAqwKCAAIAqgSZAAIArAABAAQEpgACAK0AAQAEArwAAgCpAAIABgAMBKoAAgG6BKgAAgCtAAYADgAUABoAIAAmACwCiAACAKkENgACAK0ChwACAKgEOAACAKsEOgACAKoEmwACAKwAAgAGAAwElQACAKkC1gACAboAAQAEBKwAAgCtAAYADgAUABoAIAAmACwCjAACAKkESAACAK0CiwACAKgERgACAKsC2gACAKoEnQACAKwAAwAIAA4AFASuAAIAqQLnAAIBugSwAAIArQADAAgADgAUAukAAgCpAusAAgG6BLIAAgCtAAIABgAMA+AAAgCpBLQAAgCtAAUADAASABgAHgAkAvEAAgCpAvMAAgG6BLYAAgCtBJcAAgCoAo8AAgCqAAcAEAAYAB4AJAAqADAANgS4AAMAqgCpApEAAgCpBEoAAgCtApAAAgCoBEwAAgCrApMAAgCqBJ8AAgCsAAEABAS5AAIAqQAEAAoAEAAWABwC/gACAKkDAAACAboEuwACAK0EoQACAKwAAwAIAA4AFAMEAAIAqQMKAAIBugS9AAIArQACAAYADAMOAAIBugS/AAIArQAHABAAGAAeACQAKgAwADYEwQADAKoAqQKWAAIAqQRiAAIArQKVAAIAqARkAAIAqwMUAAIAqgSjAAIArAACAAYADATEAAIArQTCAAIAqgADAAgADgAUA9UAAgCpBMYAAgCtA9MAAgCoAAUADAASABgAHgAkApkAAgCpBHAAAgCtA9kAAgCoBHIAAgCrBHQAAgCqAAIABgAMAyUAAgCpBMgAAgCtAAYADgAUABoAIAAmACwCmwACAKkEHwACAK0CmgACAKgEIQACAKsCnQACAKoEmgACAKwAAQAEBKcAAgCtAAEABAK9AAIAqQACAAYADASrAAIBugSpAAIArQAGAA4AFAAaACAAJgAsAqMAAgCpBDcAAgCtAqIAAgCoBDkAAgCrBDsAAgCqBJwAAgCsAAEABASWAAIAqQABAAQErQACAK0AAQAEBEkAAgCtAAMACAAOABQErwACAKkC6AACAboEsQACAK0AAwAIAA4AFALqAAIAqQLsAAIBugSzAAIArQACAAYADAPhAAIAqQS1AAIArQAFAAwAEgAYAB4AJALyAAIAqQL0AAIBugS3AAIArQSYAAIAqAKqAAIAqgAGAA4AFAAaACAAJgAsAqwAAgCpBEsAAgCtAqsAAgCoBE0AAgCrAq4AAgCqBKAAAgCsAAEABAS6AAIAqQAEAAoAEAAWABwC/wACAKkDAQACAboEvAACAK0EogACAKwAAwAIAA4AFAMFAAIAqQMLAAIBugS+AAIArQACAAYADAMPAAIBugTAAAIArQAGAA4AFAAaACAAJgAsArEAAgCpBGMAAgCtArAAAgCoBGUAAgCrAxUAAgCqBKQAAgCsAAIABgAMBMUAAgCtBMMAAgCqAAMACAAOABQD1gACAKkExwACAK0D1AACAKgABQAMABIAGAAeACQCtAACAKkEcQACAK0D2gACAKgEcwACAKsEdQACAKoAAgAGAAwDJgACAKkEyQACAK0AAQAEAysAAgCpAAEABAMtAAIAqQABAAQDLAACAKkAAQAEAy4AAgCpAAUADAASABgAHgAkAqcAAgCpAqYAAgCoBEcAAgCrAtsAAgCqBJ4AAgCsAAUADAASABgAHgAkBFgAAgCpBGAAAgCtBFoAAgCoBFwAAgCrBF4AAgCqAAUADAASABgAHgAkBFkAAgCpBGEAAgCtBFsAAgCoBF0AAgCrBF8AAgCqAAUADAASABgAHgAkBGYAAgCpBG4AAgCtBGgAAgCoBGoAAgCrBGwAAgCqAAUADAASABgAHgAkBGcAAgCpBG8AAgCtBGkAAgCoBGsAAgCrBG0AAgCqAAEABASlAAIAqQACABEAJQApAAAAKwAtAAUALwA0AAgANgA7AA4APQA+ABQARQBJABYASwBNABsATwBUAB4AVgBbACQAXQBeACoAgQCBACwAgwCDAC0AhgCGAC4AiQCJAC8AjQCNADAAmACbADEA0ADQADUAAQAAAAEACAABAAYAAgABAAIDCAMJAAEAAAABAAgAAgASAAYFBwUIBQkFCgULBQwAAQAGAroCuwLMAs0DTwNYAAEAAAABAAgAAQAGAAEAAQABAXsABAAAAAEACAABAEAAAQAIAAIABgAOAb4AAwBKAE0BvAACAE0ABAAAAAEACAABABwAAQAIAAIABgAOAb8AAwBKAFABvQACAFAAAQABAEoABAAAAAEACAABACoAAwAMABYAIAABAAQBuwACAEoAAQAEAcEAAgBYAAEABAHAAAIAWAABAAMASgBXAJUAAQAAAAEACAABAAYB3gABAAEASwABAAAAAQAIAAEABgFvAAEAAQC7AAEAAAABAAgAAQAGAfUAAQABADYAAQAAAAEACAACABwAAgIsAi0AAQAAAAEACAACAAoAAgIuAi8AAQACAC8ATwABAAAAAQAIAAIAHgAMAkUCRwJGAkgCSQJnAmgCaQJqAmsCbAJtAAEADAAnACgAKwAzADUARgBHAEgASwBTAFQAVQABAAAAAQAIAAIADAADAm4CbwJvAAEAAwBJAEsCagABAAAAAQAIAAIALgAUAloCXgJYAlUCVwJWAlsCWQJdAlwCTwJKAksCTAJNAk4AGgAcAlMCZQACAAQAFAAdAAACZgJmAAoCcAJwAAsEjQSUAAwAAQAAAAEACAACAC4AFASUAnAEjQSOBI8EkASRAmYEkgSTAkwCTgJNAksCTwJlABoCUwAcAkoAAgACABQAHQAAAlUCXgAKAAEAAAABAAgAAgAuABQCWwJdAl4CWAJVAlcCVgJZAlwCWgAbABUAFgAXABgAGQAaABwAHQAUAAEAFAAaABwCSgJLAkwCTQJOAk8CUwJlAmYCcASNBI4EjwSQBJEEkgSTBJQAAQAAAAEACAACAC4AFASRBJICcASNBI4EjwSQAmYEkwAXABkAGAAWABsAFAAaAB0AHAAVBJQAAgAGABoAGgAAABwAHAABAkoCTwACAlMCUwAIAlUCXgAJAmUCZQATAAEAAAABAAgAAQAGAYEAAQABABMABgAAAAEACAADAAEAEgABAGwAAAABAAAAGAACAAMBlAGUAAABxQHHAAECHwIlAAQAAQAAAAEACAACADwACgHHAcYBxQIfAiACIQIiAiMCJAIlAAEAAAABAAgAAgAaAAoCPgB6AHMAdAI/AkACQQJCAkMCRAACAAEAFAAdAAA=);
  font-weight: bold;
}
</style><link rel="modulepreload" as="script" crossorigin="" href="https://www.dia.es/plp-front/assets/1-24-0/chunks/chunk-3512e55b.js"><script>(function(w,d,s,l,i){w[l]=w[l]||[];w[l].push({'gtm.start': new Date().getTime(),event:'gtm.js'});var f=d.getElementsByTagName(s)[0],j=d.createElement(s),dl=l!='dataLayer'?'&l='+l:'';j.async=true;j.src='https://www.googletagmanager.com/gtm.js?id='+i+dl;f.parentNode.insertBefore(j,f);})(window,document,'script','dataLayer','GTM-N9J2VZR');</script><script type="text/javascript" async="" src="./dia_main_files/otTCF.js"></script><style id="onetrust-style">#onetrust-banner-sdk{-ms-text-size-adjust:100%;-webkit-text-size-adjust:100%}#onetrust-banner-sdk .onetrust-vendors-list-handler{cursor:pointer;color:#1f96db;font-size:inherit;font-weight:bold;text-decoration:none;margin-left:5px}#onetrust-banner-sdk .onetrust-vendors-list-handler:hover{color:#1f96db}#onetrust-banner-sdk:focus{outline:2px solid #000;outline-offset:-2px}#onetrust-banner-sdk a:focus{outline:2px solid #000}#onetrust-banner-sdk #onetrust-accept-btn-handler,#onetrust-banner-sdk #onetrust-reject-all-handler,#onetrust-banner-sdk #onetrust-pc-btn-handler{outline-offset:1px}#onetrust-banner-sdk.ot-bnr-w-logo .ot-bnr-logo{height:64px;width:64px}#onetrust-banner-sdk .ot-tcf2-vendor-count.ot-text-bold{font-weight:bold}#onetrust-banner-sdk .ot-close-icon,#onetrust-pc-sdk .ot-close-icon,#ot-sync-ntfy .ot-close-icon{background-size:contain;background-repeat:no-repeat;background-position:center;height:12px;width:12px}#onetrust-banner-sdk .powered-by-logo,#onetrust-banner-sdk .ot-pc-footer-logo a,#onetrust-pc-sdk .powered-by-logo,#onetrust-pc-sdk .ot-pc-footer-logo a,#ot-sync-ntfy .powered-by-logo,#ot-sync-ntfy .ot-pc-footer-logo a{background-size:contain;background-repeat:no-repeat;background-position:center;height:25px;width:152px;display:block;text-decoration:none;font-size:.75em}#onetrust-banner-sdk .powered-by-logo:hover,#onetrust-banner-sdk .ot-pc-footer-logo a:hover,#onetrust-pc-sdk .powered-by-logo:hover,#onetrust-pc-sdk .ot-pc-footer-logo a:hover,#ot-sync-ntfy .powered-by-logo:hover,#ot-sync-ntfy .ot-pc-footer-logo a:hover{color:#565656}#onetrust-banner-sdk h3 *,#onetrust-banner-sdk h4 *,#onetrust-banner-sdk h6 *,#onetrust-banner-sdk button *,#onetrust-banner-sdk a[data-parent-id] *,#onetrust-pc-sdk h3 *,#onetrust-pc-sdk h4 *,#onetrust-pc-sdk h6 *,#onetrust-pc-sdk button *,#onetrust-pc-sdk a[data-parent-id] *,#ot-sync-ntfy h3 *,#ot-sync-ntfy h4 *,#ot-sync-ntfy h6 *,#ot-sync-ntfy button *,#ot-sync-ntfy a[data-parent-id] *{font-size:inherit;font-weight:inherit;color:inherit}#onetrust-banner-sdk .ot-hide,#onetrust-pc-sdk .ot-hide,#ot-sync-ntfy .ot-hide{display:none !important}#onetrust-banner-sdk button.ot-link-btn:hover,#onetrust-pc-sdk button.ot-link-btn:hover,#ot-sync-ntfy button.ot-link-btn:hover{text-decoration:underline;opacity:1}#onetrust-pc-sdk .ot-sdk-row .ot-sdk-column{padding:0}#onetrust-pc-sdk .ot-sdk-container{padding-right:0}#onetrust-pc-sdk .ot-sdk-row{flex-direction:initial;width:100%}#onetrust-pc-sdk [type=checkbox]:checked,#onetrust-pc-sdk [type=checkbox]:not(:checked){pointer-events:initial}#onetrust-pc-sdk [type=checkbox]:disabled+label::before,#onetrust-pc-sdk [type=checkbox]:disabled+label:after,#onetrust-pc-sdk [type=checkbox]:disabled+label{pointer-events:none;opacity:.7}#onetrust-pc-sdk #vendor-list-content{transform:translate3d(0, 0, 0)}#onetrust-pc-sdk li input[type=checkbox]{z-index:1}#onetrust-pc-sdk li .ot-checkbox label{z-index:2}#onetrust-pc-sdk li .ot-checkbox input[type=checkbox]{height:auto;width:auto}#onetrust-pc-sdk li .host-title a,#onetrust-pc-sdk li .ot-host-name a,#onetrust-pc-sdk li .accordion-text,#onetrust-pc-sdk li .ot-acc-txt{z-index:2;position:relative}#onetrust-pc-sdk input{margin:3px .1ex}#onetrust-pc-sdk .pc-logo,#onetrust-pc-sdk .ot-pc-logo{height:60px;width:180px;background-position:center;background-size:contain;background-repeat:no-repeat;display:inline-flex;justify-content:center;align-items:center}#onetrust-pc-sdk .pc-logo img,#onetrust-pc-sdk .ot-pc-logo img{max-height:100%;max-width:100%}#onetrust-pc-sdk .screen-reader-only,#onetrust-pc-sdk .ot-scrn-rdr,.ot-sdk-cookie-policy .screen-reader-only,.ot-sdk-cookie-policy .ot-scrn-rdr{border:0;clip:rect(0 0 0 0);height:1px;margin:-1px;overflow:hidden;padding:0;position:absolute;width:1px}#onetrust-pc-sdk.ot-fade-in,.onetrust-pc-dark-filter.ot-fade-in,#onetrust-banner-sdk.ot-fade-in{animation-name:onetrust-fade-in;animation-duration:400ms;animation-timing-function:ease-in-out}#onetrust-pc-sdk.ot-hide{display:none !important}.onetrust-pc-dark-filter.ot-hide{display:none !important}#ot-sdk-btn.ot-sdk-show-settings,#ot-sdk-btn.optanon-show-settings{color:#68b631;border:1px solid #68b631;height:auto;white-space:normal;word-wrap:break-word;padding:.8em 2em;font-size:.8em;line-height:1.2;cursor:pointer;-moz-transition:.1s ease;-o-transition:.1s ease;-webkit-transition:1s ease;transition:.1s ease}#ot-sdk-btn.ot-sdk-show-settings:hover,#ot-sdk-btn.optanon-show-settings:hover{color:#fff;background-color:#68b631}.onetrust-pc-dark-filter{background:rgba(0,0,0,.5);z-index:2147483646;width:100%;height:100%;overflow:hidden;position:fixed;top:0;bottom:0;left:0}@keyframes onetrust-fade-in{0%{opacity:0}100%{opacity:1}}.ot-cookie-label{text-decoration:underline}@media only screen and (min-width: 426px)and (max-width: 896px)and (orientation: landscape){#onetrust-pc-sdk p{font-size:.75em}}#onetrust-banner-sdk .banner-option-input:focus+label{outline:1px solid #000;outline-style:auto}.category-vendors-list-handler+a:focus,.category-vendors-list-handler+a:focus-visible{outline:2px solid #000}#onetrust-pc-sdk .ot-userid-title{margin-top:10px}#onetrust-pc-sdk .ot-userid-title>span,#onetrust-pc-sdk .ot-userid-timestamp>span{font-weight:700}#onetrust-pc-sdk .ot-userid-desc{font-style:italic}#onetrust-pc-sdk .ot-host-desc a{pointer-events:initial}#onetrust-pc-sdk .ot-ven-hdr>p a{position:relative;z-index:2;pointer-events:initial}#onetrust-pc-sdk .ot-vnd-serv .ot-vnd-item .ot-vnd-info a,#onetrust-pc-sdk .ot-vs-list .ot-vnd-item .ot-vnd-info a{margin-right:auto}#onetrust-pc-sdk .ot-pc-footer-logo img{width:136px;height:16px}#onetrust-pc-sdk .ot-pur-vdr-count{font-weight:400;font-size:.7rem;padding-top:3px;display:block}#onetrust-banner-sdk .ot-optout-signal,#onetrust-pc-sdk .ot-optout-signal{border:1px solid #32ae88;border-radius:3px;padding:5px;margin-bottom:10px;background-color:#f9fffa;font-size:.85rem;line-height:2}#onetrust-banner-sdk .ot-optout-signal .ot-optout-icon,#onetrust-pc-sdk .ot-optout-signal .ot-optout-icon{display:inline;margin-right:5px}#onetrust-banner-sdk .ot-optout-signal svg,#onetrust-pc-sdk .ot-optout-signal svg{height:20px;width:30px;transform:scale(0.5)}#onetrust-banner-sdk .ot-optout-signal svg path,#onetrust-pc-sdk .ot-optout-signal svg path{fill:#32ae88}#onetrust-banner-sdk,#onetrust-pc-sdk,#ot-sdk-cookie-policy,#ot-sync-ntfy{font-size:16px}#onetrust-banner-sdk *,#onetrust-banner-sdk ::after,#onetrust-banner-sdk ::before,#onetrust-pc-sdk *,#onetrust-pc-sdk ::after,#onetrust-pc-sdk ::before,#ot-sdk-cookie-policy *,#ot-sdk-cookie-policy ::after,#ot-sdk-cookie-policy ::before,#ot-sync-ntfy *,#ot-sync-ntfy ::after,#ot-sync-ntfy ::before{-webkit-box-sizing:content-box;-moz-box-sizing:content-box;box-sizing:content-box}#onetrust-banner-sdk div,#onetrust-banner-sdk span,#onetrust-banner-sdk h1,#onetrust-banner-sdk h2,#onetrust-banner-sdk h3,#onetrust-banner-sdk h4,#onetrust-banner-sdk h5,#onetrust-banner-sdk h6,#onetrust-banner-sdk p,#onetrust-banner-sdk img,#onetrust-banner-sdk svg,#onetrust-banner-sdk button,#onetrust-banner-sdk section,#onetrust-banner-sdk a,#onetrust-banner-sdk label,#onetrust-banner-sdk input,#onetrust-banner-sdk ul,#onetrust-banner-sdk li,#onetrust-banner-sdk nav,#onetrust-banner-sdk table,#onetrust-banner-sdk thead,#onetrust-banner-sdk tr,#onetrust-banner-sdk td,#onetrust-banner-sdk tbody,#onetrust-banner-sdk .ot-main-content,#onetrust-banner-sdk .ot-toggle,#onetrust-banner-sdk #ot-content,#onetrust-banner-sdk #ot-pc-content,#onetrust-banner-sdk .checkbox,#onetrust-pc-sdk div,#onetrust-pc-sdk span,#onetrust-pc-sdk h1,#onetrust-pc-sdk h2,#onetrust-pc-sdk h3,#onetrust-pc-sdk h4,#onetrust-pc-sdk h5,#onetrust-pc-sdk h6,#onetrust-pc-sdk p,#onetrust-pc-sdk img,#onetrust-pc-sdk svg,#onetrust-pc-sdk button,#onetrust-pc-sdk section,#onetrust-pc-sdk a,#onetrust-pc-sdk label,#onetrust-pc-sdk input,#onetrust-pc-sdk ul,#onetrust-pc-sdk li,#onetrust-pc-sdk nav,#onetrust-pc-sdk table,#onetrust-pc-sdk thead,#onetrust-pc-sdk tr,#onetrust-pc-sdk td,#onetrust-pc-sdk tbody,#onetrust-pc-sdk .ot-main-content,#onetrust-pc-sdk .ot-toggle,#onetrust-pc-sdk #ot-content,#onetrust-pc-sdk #ot-pc-content,#onetrust-pc-sdk .checkbox,#ot-sdk-cookie-policy div,#ot-sdk-cookie-policy span,#ot-sdk-cookie-policy h1,#ot-sdk-cookie-policy h2,#ot-sdk-cookie-policy h3,#ot-sdk-cookie-policy h4,#ot-sdk-cookie-policy h5,#ot-sdk-cookie-policy h6,#ot-sdk-cookie-policy p,#ot-sdk-cookie-policy img,#ot-sdk-cookie-policy svg,#ot-sdk-cookie-policy button,#ot-sdk-cookie-policy section,#ot-sdk-cookie-policy a,#ot-sdk-cookie-policy label,#ot-sdk-cookie-policy input,#ot-sdk-cookie-policy ul,#ot-sdk-cookie-policy li,#ot-sdk-cookie-policy nav,#ot-sdk-cookie-policy table,#ot-sdk-cookie-policy thead,#ot-sdk-cookie-policy tr,#ot-sdk-cookie-policy td,#ot-sdk-cookie-policy tbody,#ot-sdk-cookie-policy .ot-main-content,#ot-sdk-cookie-policy .ot-toggle,#ot-sdk-cookie-policy #ot-content,#ot-sdk-cookie-policy #ot-pc-content,#ot-sdk-cookie-policy .checkbox,#ot-sync-ntfy div,#ot-sync-ntfy span,#ot-sync-ntfy h1,#ot-sync-ntfy h2,#ot-sync-ntfy h3,#ot-sync-ntfy h4,#ot-sync-ntfy h5,#ot-sync-ntfy h6,#ot-sync-ntfy p,#ot-sync-ntfy img,#ot-sync-ntfy svg,#ot-sync-ntfy button,#ot-sync-ntfy section,#ot-sync-ntfy a,#ot-sync-ntfy label,#ot-sync-ntfy input,#ot-sync-ntfy ul,#ot-sync-ntfy li,#ot-sync-ntfy nav,#ot-sync-ntfy table,#ot-sync-ntfy thead,#ot-sync-ntfy tr,#ot-sync-ntfy td,#ot-sync-ntfy tbody,#ot-sync-ntfy .ot-main-content,#ot-sync-ntfy .ot-toggle,#ot-sync-ntfy #ot-content,#ot-sync-ntfy #ot-pc-content,#ot-sync-ntfy .checkbox{font-family:inherit;font-weight:normal;-webkit-font-smoothing:auto;letter-spacing:normal;line-height:normal;padding:0;margin:0;height:auto;min-height:0;max-height:none;width:auto;min-width:0;max-width:none;border-radius:0;border:none;clear:none;float:none;position:static;bottom:auto;left:auto;right:auto;top:auto;text-align:left;text-decoration:none;text-indent:0;text-shadow:none;text-transform:none;white-space:normal;background:none;overflow:visible;vertical-align:baseline;visibility:visible;z-index:auto;box-shadow:none}#onetrust-banner-sdk label:before,#onetrust-banner-sdk label:after,#onetrust-banner-sdk .checkbox:after,#onetrust-banner-sdk .checkbox:before,#onetrust-pc-sdk label:before,#onetrust-pc-sdk label:after,#onetrust-pc-sdk .checkbox:after,#onetrust-pc-sdk .checkbox:before,#ot-sdk-cookie-policy label:before,#ot-sdk-cookie-policy label:after,#ot-sdk-cookie-policy .checkbox:after,#ot-sdk-cookie-policy .checkbox:before,#ot-sync-ntfy label:before,#ot-sync-ntfy label:after,#ot-sync-ntfy .checkbox:after,#ot-sync-ntfy .checkbox:before{content:"";content:none}#onetrust-banner-sdk .ot-sdk-container,#onetrust-pc-sdk .ot-sdk-container,#ot-sdk-cookie-policy .ot-sdk-container{position:relative;width:100%;max-width:100%;margin:0 auto;padding:0 20px;box-sizing:border-box}#onetrust-banner-sdk .ot-sdk-column,#onetrust-banner-sdk .ot-sdk-columns,#onetrust-pc-sdk .ot-sdk-column,#onetrust-pc-sdk .ot-sdk-columns,#ot-sdk-cookie-policy .ot-sdk-column,#ot-sdk-cookie-policy .ot-sdk-columns{width:100%;float:left;box-sizing:border-box;padding:0;display:initial}@media(min-width: 400px){#onetrust-banner-sdk .ot-sdk-container,#onetrust-pc-sdk .ot-sdk-container,#ot-sdk-cookie-policy .ot-sdk-container{width:90%;padding:0}}@media(min-width: 550px){#onetrust-banner-sdk .ot-sdk-container,#onetrust-pc-sdk .ot-sdk-container,#ot-sdk-cookie-policy .ot-sdk-container{width:100%}#onetrust-banner-sdk .ot-sdk-column,#onetrust-banner-sdk .ot-sdk-columns,#onetrust-pc-sdk .ot-sdk-column,#onetrust-pc-sdk .ot-sdk-columns,#ot-sdk-cookie-policy .ot-sdk-column,#ot-sdk-cookie-policy .ot-sdk-columns{margin-left:4%}#onetrust-banner-sdk .ot-sdk-column:first-child,#onetrust-banner-sdk .ot-sdk-columns:first-child,#onetrust-pc-sdk .ot-sdk-column:first-child,#onetrust-pc-sdk .ot-sdk-columns:first-child,#ot-sdk-cookie-policy .ot-sdk-column:first-child,#ot-sdk-cookie-policy .ot-sdk-columns:first-child{margin-left:0}#onetrust-banner-sdk .ot-sdk-two.ot-sdk-columns,#onetrust-pc-sdk .ot-sdk-two.ot-sdk-columns,#ot-sdk-cookie-policy .ot-sdk-two.ot-sdk-columns{width:13.3333333333%}#onetrust-banner-sdk .ot-sdk-three.ot-sdk-columns,#onetrust-pc-sdk .ot-sdk-three.ot-sdk-columns,#ot-sdk-cookie-policy .ot-sdk-three.ot-sdk-columns{width:22%}#onetrust-banner-sdk .ot-sdk-four.ot-sdk-columns,#onetrust-pc-sdk .ot-sdk-four.ot-sdk-columns,#ot-sdk-cookie-policy .ot-sdk-four.ot-sdk-columns{width:30.6666666667%}#onetrust-banner-sdk .ot-sdk-eight.ot-sdk-columns,#onetrust-pc-sdk .ot-sdk-eight.ot-sdk-columns,#ot-sdk-cookie-policy .ot-sdk-eight.ot-sdk-columns{width:65.3333333333%}#onetrust-banner-sdk .ot-sdk-nine.ot-sdk-columns,#onetrust-pc-sdk .ot-sdk-nine.ot-sdk-columns,#ot-sdk-cookie-policy .ot-sdk-nine.ot-sdk-columns{width:74%}#onetrust-banner-sdk .ot-sdk-ten.ot-sdk-columns,#onetrust-pc-sdk .ot-sdk-ten.ot-sdk-columns,#ot-sdk-cookie-policy .ot-sdk-ten.ot-sdk-columns{width:82.6666666667%}#onetrust-banner-sdk .ot-sdk-eleven.ot-sdk-columns,#onetrust-pc-sdk .ot-sdk-eleven.ot-sdk-columns,#ot-sdk-cookie-policy .ot-sdk-eleven.ot-sdk-columns{width:91.3333333333%}#onetrust-banner-sdk .ot-sdk-twelve.ot-sdk-columns,#onetrust-pc-sdk .ot-sdk-twelve.ot-sdk-columns,#ot-sdk-cookie-policy .ot-sdk-twelve.ot-sdk-columns{width:100%;margin-left:0}}#onetrust-banner-sdk h1,#onetrust-banner-sdk h2,#onetrust-banner-sdk h3,#onetrust-banner-sdk h4,#onetrust-banner-sdk h5,#onetrust-banner-sdk h6,#onetrust-pc-sdk h1,#onetrust-pc-sdk h2,#onetrust-pc-sdk h3,#onetrust-pc-sdk h4,#onetrust-pc-sdk h5,#onetrust-pc-sdk h6,#ot-sdk-cookie-policy h1,#ot-sdk-cookie-policy h2,#ot-sdk-cookie-policy h3,#ot-sdk-cookie-policy h4,#ot-sdk-cookie-policy h5,#ot-sdk-cookie-policy h6{margin-top:0;font-weight:600;font-family:inherit}#onetrust-banner-sdk h1,#onetrust-pc-sdk h1,#ot-sdk-cookie-policy h1{font-size:1.5rem;line-height:1.2}#onetrust-banner-sdk h2,#onetrust-pc-sdk h2,#ot-sdk-cookie-policy h2{font-size:1.5rem;line-height:1.25}#onetrust-banner-sdk h3,#onetrust-pc-sdk h3,#ot-sdk-cookie-policy h3{font-size:1.5rem;line-height:1.3}#onetrust-banner-sdk h4,#onetrust-pc-sdk h4,#ot-sdk-cookie-policy h4{font-size:1.5rem;line-height:1.35}#onetrust-banner-sdk h5,#onetrust-pc-sdk h5,#ot-sdk-cookie-policy h5{font-size:1.5rem;line-height:1.5}#onetrust-banner-sdk h6,#onetrust-pc-sdk h6,#ot-sdk-cookie-policy h6{font-size:1.5rem;line-height:1.6}@media(min-width: 550px){#onetrust-banner-sdk h1,#onetrust-pc-sdk h1,#ot-sdk-cookie-policy h1{font-size:1.5rem}#onetrust-banner-sdk h2,#onetrust-pc-sdk h2,#ot-sdk-cookie-policy h2{font-size:1.5rem}#onetrust-banner-sdk h3,#onetrust-pc-sdk h3,#ot-sdk-cookie-policy h3{font-size:1.5rem}#onetrust-banner-sdk h4,#onetrust-pc-sdk h4,#ot-sdk-cookie-policy h4{font-size:1.5rem}#onetrust-banner-sdk h5,#onetrust-pc-sdk h5,#ot-sdk-cookie-policy h5{font-size:1.5rem}#onetrust-banner-sdk h6,#onetrust-pc-sdk h6,#ot-sdk-cookie-policy h6{font-size:1.5rem}}#onetrust-banner-sdk p,#onetrust-pc-sdk p,#ot-sdk-cookie-policy p{margin:0 0 1em 0;font-family:inherit;line-height:normal}#onetrust-banner-sdk a,#onetrust-pc-sdk a,#ot-sdk-cookie-policy a{color:#565656;text-decoration:underline}#onetrust-banner-sdk a:hover,#onetrust-pc-sdk a:hover,#ot-sdk-cookie-policy a:hover{color:#565656;text-decoration:none}#onetrust-banner-sdk .ot-sdk-button,#onetrust-banner-sdk button,#onetrust-pc-sdk .ot-sdk-button,#onetrust-pc-sdk button,#ot-sdk-cookie-policy .ot-sdk-button,#ot-sdk-cookie-policy button{margin-bottom:1rem;font-family:inherit}#onetrust-banner-sdk .ot-sdk-button,#onetrust-banner-sdk button,#onetrust-pc-sdk .ot-sdk-button,#onetrust-pc-sdk button,#ot-sdk-cookie-policy .ot-sdk-button,#ot-sdk-cookie-policy button{display:inline-block;height:38px;padding:0 30px;color:#555;text-align:center;font-size:.9em;font-weight:400;line-height:38px;letter-spacing:.01em;text-decoration:none;white-space:nowrap;background-color:rgba(0,0,0,0);border-radius:2px;border:1px solid #bbb;cursor:pointer;box-sizing:border-box}#onetrust-banner-sdk .ot-sdk-button:hover,#onetrust-banner-sdk :not(.ot-leg-btn-container)>button:not(.ot-link-btn):hover,#onetrust-banner-sdk :not(.ot-leg-btn-container)>button:not(.ot-link-btn):focus,#onetrust-pc-sdk .ot-sdk-button:hover,#onetrust-pc-sdk :not(.ot-leg-btn-container)>button:not(.ot-link-btn):hover,#onetrust-pc-sdk :not(.ot-leg-btn-container)>button:not(.ot-link-btn):focus,#ot-sdk-cookie-policy .ot-sdk-button:hover,#ot-sdk-cookie-policy :not(.ot-leg-btn-container)>button:not(.ot-link-btn):hover,#ot-sdk-cookie-policy :not(.ot-leg-btn-container)>button:not(.ot-link-btn):focus{color:#333;border-color:#888;opacity:.7}#onetrust-banner-sdk .ot-sdk-button:focus,#onetrust-banner-sdk :not(.ot-leg-btn-container)>button:focus,#onetrust-pc-sdk .ot-sdk-button:focus,#onetrust-pc-sdk :not(.ot-leg-btn-container)>button:focus,#ot-sdk-cookie-policy .ot-sdk-button:focus,#ot-sdk-cookie-policy :not(.ot-leg-btn-container)>button:focus{outline:2px solid #000}#onetrust-banner-sdk .ot-sdk-button.ot-sdk-button-primary,#onetrust-banner-sdk button.ot-sdk-button-primary,#onetrust-banner-sdk input[type=submit].ot-sdk-button-primary,#onetrust-banner-sdk input[type=reset].ot-sdk-button-primary,#onetrust-banner-sdk input[type=button].ot-sdk-button-primary,#onetrust-pc-sdk .ot-sdk-button.ot-sdk-button-primary,#onetrust-pc-sdk button.ot-sdk-button-primary,#onetrust-pc-sdk input[type=submit].ot-sdk-button-primary,#onetrust-pc-sdk input[type=reset].ot-sdk-button-primary,#onetrust-pc-sdk input[type=button].ot-sdk-button-primary,#ot-sdk-cookie-policy .ot-sdk-button.ot-sdk-button-primary,#ot-sdk-cookie-policy button.ot-sdk-button-primary,#ot-sdk-cookie-policy input[type=submit].ot-sdk-button-primary,#ot-sdk-cookie-policy input[type=reset].ot-sdk-button-primary,#ot-sdk-cookie-policy input[type=button].ot-sdk-button-primary{color:#fff;background-color:#33c3f0;border-color:#33c3f0}#onetrust-banner-sdk .ot-sdk-button.ot-sdk-button-primary:hover,#onetrust-banner-sdk button.ot-sdk-button-primary:hover,#onetrust-banner-sdk input[type=submit].ot-sdk-button-primary:hover,#onetrust-banner-sdk input[type=reset].ot-sdk-button-primary:hover,#onetrust-banner-sdk input[type=button].ot-sdk-button-primary:hover,#onetrust-banner-sdk .ot-sdk-button.ot-sdk-button-primary:focus,#onetrust-banner-sdk button.ot-sdk-button-primary:focus,#onetrust-banner-sdk input[type=submit].ot-sdk-button-primary:focus,#onetrust-banner-sdk input[type=reset].ot-sdk-button-primary:focus,#onetrust-banner-sdk input[type=button].ot-sdk-button-primary:focus,#onetrust-pc-sdk .ot-sdk-button.ot-sdk-button-primary:hover,#onetrust-pc-sdk button.ot-sdk-button-primary:hover,#onetrust-pc-sdk input[type=submit].ot-sdk-button-primary:hover,#onetrust-pc-sdk input[type=reset].ot-sdk-button-primary:hover,#onetrust-pc-sdk input[type=button].ot-sdk-button-primary:hover,#onetrust-pc-sdk .ot-sdk-button.ot-sdk-button-primary:focus,#onetrust-pc-sdk button.ot-sdk-button-primary:focus,#onetrust-pc-sdk input[type=submit].ot-sdk-button-primary:focus,#onetrust-pc-sdk input[type=reset].ot-sdk-button-primary:focus,#onetrust-pc-sdk input[type=button].ot-sdk-button-primary:focus,#ot-sdk-cookie-policy .ot-sdk-button.ot-sdk-button-primary:hover,#ot-sdk-cookie-policy button.ot-sdk-button-primary:hover,#ot-sdk-cookie-policy input[type=submit].ot-sdk-button-primary:hover,#ot-sdk-cookie-policy input[type=reset].ot-sdk-button-primary:hover,#ot-sdk-cookie-policy input[type=button].ot-sdk-button-primary:hover,#ot-sdk-cookie-policy .ot-sdk-button.ot-sdk-button-primary:focus,#ot-sdk-cookie-policy button.ot-sdk-button-primary:focus,#ot-sdk-cookie-policy input[type=submit].ot-sdk-button-primary:focus,#ot-sdk-cookie-policy input[type=reset].ot-sdk-button-primary:focus,#ot-sdk-cookie-policy input[type=button].ot-sdk-button-primary:focus{color:#fff;background-color:#1eaedb;border-color:#1eaedb}#onetrust-banner-sdk input[type=text],#onetrust-pc-sdk input[type=text],#ot-sdk-cookie-policy input[type=text]{height:38px;padding:6px 10px;background-color:#fff;border:1px solid #d1d1d1;border-radius:4px;box-shadow:none;box-sizing:border-box}#onetrust-banner-sdk input[type=text],#onetrust-pc-sdk input[type=text],#ot-sdk-cookie-policy input[type=text]{-webkit-appearance:none;-moz-appearance:none;appearance:none}#onetrust-banner-sdk input[type=text]:focus,#onetrust-pc-sdk input[type=text]:focus,#ot-sdk-cookie-policy input[type=text]:focus{border:1px solid #000;outline:0}#onetrust-banner-sdk label,#onetrust-pc-sdk label,#ot-sdk-cookie-policy label{display:block;margin-bottom:.5rem;font-weight:600}#onetrust-banner-sdk input[type=checkbox],#onetrust-pc-sdk input[type=checkbox],#ot-sdk-cookie-policy input[type=checkbox]{display:inline}#onetrust-banner-sdk ul,#onetrust-pc-sdk ul,#ot-sdk-cookie-policy ul{list-style:circle inside}#onetrust-banner-sdk ul,#onetrust-pc-sdk ul,#ot-sdk-cookie-policy ul{padding-left:0;margin-top:0}#onetrust-banner-sdk ul ul,#onetrust-pc-sdk ul ul,#ot-sdk-cookie-policy ul ul{margin:1.5rem 0 1.5rem 3rem;font-size:90%}#onetrust-banner-sdk li,#onetrust-pc-sdk li,#ot-sdk-cookie-policy li{margin-bottom:1rem}#onetrust-banner-sdk th,#onetrust-banner-sdk td,#onetrust-pc-sdk th,#onetrust-pc-sdk td,#ot-sdk-cookie-policy th,#ot-sdk-cookie-policy td{padding:12px 15px;text-align:left;border-bottom:1px solid #e1e1e1}#onetrust-banner-sdk button,#onetrust-pc-sdk button,#ot-sdk-cookie-policy button{margin-bottom:1rem;font-family:inherit}#onetrust-banner-sdk .ot-sdk-container:after,#onetrust-banner-sdk .ot-sdk-row:after,#onetrust-pc-sdk .ot-sdk-container:after,#onetrust-pc-sdk .ot-sdk-row:after,#ot-sdk-cookie-policy .ot-sdk-container:after,#ot-sdk-cookie-policy .ot-sdk-row:after{content:"";display:table;clear:both}#onetrust-banner-sdk .ot-sdk-row,#onetrust-pc-sdk .ot-sdk-row,#ot-sdk-cookie-policy .ot-sdk-row{margin:0;max-width:none;display:block}#onetrust-banner-sdk{box-shadow:0 0 18px rgba(0,0,0,.2)}#onetrust-banner-sdk.otFloatingRounded{position:fixed;background-color:#fff;width:60%;max-width:700px;z-index:2147483645;border-radius:2.5px;bottom:2em;left:1em;font-size:16px;max-height:90%;overflow-y:auto;overflow-x:hidden}#onetrust-banner-sdk.otRelFont{font-size:1rem}#onetrust-banner-sdk.ot-bottom-left[dir=rtl]{right:1em}#onetrust-banner-sdk.ot-bottom-right{left:auto;right:1em}#onetrust-banner-sdk.ot-bottom-right[dir=rtl]{left:1em;right:auto}#onetrust-banner-sdk .accept-btn-only{float:none !important;width:100%}#onetrust-banner-sdk .cookie-settings-btn-only{width:100%}#onetrust-banner-sdk::-webkit-scrollbar{width:11px}#onetrust-banner-sdk::-webkit-scrollbar-thumb{border-radius:10px;background:#c1c1c1}#onetrust-banner-sdk{scrollbar-arrow-color:#c1c1c1;scrollbar-darkshadow-color:#c1c1c1;scrollbar-face-color:#c1c1c1;scrollbar-shadow-color:#c1c1c1}#onetrust-banner-sdk h3{margin-bottom:0}#onetrust-banner-sdk h3,#onetrust-banner-sdk p{color:dimgray}#onetrust-banner-sdk .ot-sdk-container{padding:0;width:100%;margin:0}#onetrust-banner-sdk #onetrust-policy{margin-top:40px}#onetrust-banner-sdk .ot-optout-signal{margin:0 1.875rem .625rem 1.875rem}#onetrust-banner-sdk #onetrust-policy-title,#onetrust-banner-sdk #onetrust-button-group{float:left}#onetrust-banner-sdk #onetrust-button-group-parent{padding:10px 30px 4px 30px}#onetrust-banner-sdk .ot-gv-list-handler{padding:0 30px 10px 30px;font-size:.812em;margin-bottom:0;border:0;line-height:normal;height:auto;width:auto}#onetrust-banner-sdk #onetrust-policy-text,#onetrust-banner-sdk .ot-b-addl-desc{padding:0 30px 10px 30px;clear:both;font-size:.813em;line-height:1.5;margin:0}#onetrust-banner-sdk #onetrust-policy-text>*,#onetrust-banner-sdk #onetrust-policy-text a,#onetrust-banner-sdk .ot-b-addl-desc>*,#onetrust-banner-sdk .ot-b-addl-desc a{margin-bottom:0px;font-size:inherit;line-height:inherit}#onetrust-banner-sdk #onetrust-policy-text a,#onetrust-banner-sdk .ot-b-addl-desc a{font-weight:bold}#onetrust-banner-sdk .ot-b-addl-desc{display:block}#onetrust-banner-sdk .ot-dpd-desc>.ot-b-addl-desc{padding:0;margin-top:10px;margin-bottom:10px;line-height:1.5;font-size:1em}#onetrust-banner-sdk #onetrust-policy-title{display:inline-block;max-width:calc(100% - 75px);padding-left:30px;font-size:1em;line-height:1.5;padding-bottom:10px}#onetrust-banner-sdk #onetrust-button-group{float:right}#onetrust-banner-sdk .onetrust-banner-options{float:right;max-width:55%}#onetrust-banner-sdk #onetrust-accept-btn-handler,#onetrust-banner-sdk #onetrust-reject-all-handler,#onetrust-banner-sdk #onetrust-pc-btn-handler{background-color:#68b631;color:#fff;border-color:#68b631;margin-right:1em;min-width:130px;height:auto;white-space:normal;word-break:break-word;word-wrap:break-word;padding:12px 10px;line-height:1.2;font-weight:600;font-size:.813em}#onetrust-banner-sdk #onetrust-accept-btn-handler{margin-right:0}#onetrust-banner-sdk #onetrust-pc-btn-handler{border:1px solid #68b631;min-width:175px;max-width:40%}#onetrust-banner-sdk #onetrust-pc-btn-handler.cookie-setting-link{background-color:#fff;border:none;color:#68b631;text-decoration:underline;margin-right:1rem}#onetrust-banner-sdk .has-reject-all-button #onetrust-button-group{width:100%}#onetrust-banner-sdk .has-reject-all-button #onetrust-pc-btn-handler.cookie-setting-link{text-align:left;padding-left:0;padding-right:0}#onetrust-banner-sdk #onetrust-close-btn-container{right:20px;top:10px;position:absolute}#onetrust-banner-sdk .ot-close-icon{height:44px;width:44px;background-size:12px;margin:-10px -10px 0 0;display:inline-block;border:none;padding:0px}#onetrust-banner-sdk .banner_logo{display:none}#onetrust-banner-sdk.ot-bnr-w-logo #onetrust-policy{margin-top:75px}#onetrust-banner-sdk.ot-bnr-w-logo .ot-bnr-logo{position:absolute;top:10px}#onetrust-banner-sdk #banner-options{float:left;padding:0 30px 0 30px;width:calc(100% - 60px)}#onetrust-banner-sdk .banner-option-input{cursor:pointer;width:auto;height:auto;border:none;padding:0;padding-right:3px;margin:0 0 6px;font-size:.82em;line-height:1.4}#onetrust-banner-sdk .banner-option-input *{pointer-events:none;font-size:inherit;line-height:inherit}#onetrust-banner-sdk .banner-option-input[aria-expanded=true] .ot-arrow-container{transform:rotate(90deg)}#onetrust-banner-sdk .banner-option-input[aria-expanded=true]~.banner-option-details{height:auto;display:block}#onetrust-banner-sdk .banner-option-header{cursor:pointer;display:inline-block}#onetrust-banner-sdk .banner-option-header :first-child{color:dimgray;font-weight:bold;float:left}#onetrust-banner-sdk .banner-option{margin-bottom:10px}#onetrust-banner-sdk .ot-arrow-container,#onetrust-banner-sdk .banner-option-details{transition:all 300ms ease-in 0s;-webkit-transition:all 300ms ease-in 0s;-moz-transition:all 300ms ease-in 0s;-o-transition:all 300ms ease-in 0s}#onetrust-banner-sdk .ot-arrow-container{display:inline-block;border-top:6px solid rgba(0,0,0,0);border-bottom:6px solid rgba(0,0,0,0);border-left:6px solid dimgray;margin-left:10px;vertical-align:middle}#onetrust-banner-sdk .banner-option-details{display:none;font-size:.83em;line-height:1.5;height:0px;padding:10px 10px 5px 10px}#onetrust-banner-sdk .banner-option-details *{font-size:inherit;line-height:inherit;color:dimgray}#onetrust-banner-sdk .ot-dpd-container{float:left;padding:0 30px 0 30px;clear:both}#onetrust-banner-sdk .ot-dpd-title{font-weight:bold;padding-bottom:10px;line-height:1.4;font-size:1em}#onetrust-banner-sdk .ot-dpd-desc{font-size:.813em;line-height:1.5}#onetrust-banner-sdk .ot-dpd-desc .onetrust-vendors-list-handler{display:block;margin-left:0px;margin-top:5px;padding:0;margin-bottom:0;border:0;line-height:normal;height:auto;width:auto}#onetrust-banner-sdk #onetrust-policy-text a{margin-left:5px}#onetrust-banner-sdk :not(.ot-dpd-desc)>.ot-b-addl-desc{font-size:.813em;line-height:1.5;margin:0;padding-bottom:10px}#onetrust-banner-sdk.ot-close-btn-link #onetrust-close-btn-container{top:15px;transform:none;right:15px}#onetrust-banner-sdk.ot-close-btn-link #onetrust-close-btn-container button{padding:0;white-space:pre-wrap;border:none;height:auto;line-height:1.5;text-decoration:underline;font-size:.69em}#onetrust-banner-sdk.ot-close-btn-link.ot-wo-title #onetrust-group-container{margin-top:20px}@media only screen and (max-width: 425px){#onetrust-banner-sdk #onetrust-button-group{margin-top:0}#onetrust-banner-sdk button{padding:0 20px}#onetrust-banner-sdk #onetrust-close-btn-container{right:15px}#onetrust-banner-sdk #onetrust-policy-title{padding-left:15px}#onetrust-banner-sdk #onetrust-button-group-parent,#onetrust-banner-sdk .ot-dpd-container{padding:0 15px 0px 15px}#onetrust-banner-sdk #onetrust-policy-text,#onetrust-banner-sdk .ot-gv-list-handler,#onetrust-banner-sdk :not(.ot-dpd-desc)>.ot-b-addl-desc{padding:0 15px 10px 15px}#onetrust-banner-sdk .ot-optout-signal{margin:0 1.875rem .625rem 1.875rem}#onetrust-banner-sdk #ot-gv-link-ctnr{margin-bottom:15px}#onetrust-banner-sdk #onetrust-button-group button{width:100%}#onetrust-banner-sdk #banner-options{padding:0 15px 0 15px;width:calc(100% - 30px)}#onetrust-banner-sdk .banner-option{margin-bottom:6px}#onetrust-banner-sdk #onetrust-button-group,#onetrust-banner-sdk .onetrust-banner-options{width:100%}#onetrust-banner-sdk #onetrust-pc-btn-handler{margin-right:0px}#onetrust-banner-sdk.otFloatingRounded,#onetrust-banner-sdk.otFloatingRounded[dir=rtl]{left:0;bottom:0;width:100%;right:0}}@media only screen and (max-width: 550px){#onetrust-banner-sdk .ot-close-icon{padding:0}#onetrust-banner-sdk.ot-close-btn-link #onetrust-group-container{margin-top:20px}}@media only screen and (min-width: 426px)and (max-width: 896px){#onetrust-banner-sdk.otFloatingRounded{width:95%}#onetrust-banner-sdk #onetrust-button-group-parent{width:100%}}@media only screen and (max-width: 640px){#onetrust-banner-sdk #onetrust-button-group{text-align:center}#onetrust-banner-sdk .onetrust-banner-options,#onetrust-banner-sdk #onetrust-pc-btn-handler{max-width:100%;display:inline-block;text-align:center}#onetrust-banner-sdk .has-reject-all-button .onetrust-banner-options{width:100%}#onetrust-banner-sdk .has-reject-all-button #onetrust-pc-btn-handler.cookie-setting-link{text-align:center}}
        #onetrust-consent-sdk #onetrust-banner-sdk {background-color: #FFFFFF;}
            #onetrust-consent-sdk #onetrust-policy-title,
                    #onetrust-consent-sdk #onetrust-policy-text,
                    #onetrust-consent-sdk .ot-b-addl-desc,
                    #onetrust-consent-sdk .ot-dpd-desc,
                    #onetrust-consent-sdk .ot-dpd-title,
                    #onetrust-consent-sdk #onetrust-policy-text *:not(.onetrust-vendors-list-handler),
                    #onetrust-consent-sdk .ot-dpd-desc *:not(.onetrust-vendors-list-handler),
                    #onetrust-consent-sdk #onetrust-banner-sdk #banner-options *,
                    #onetrust-banner-sdk .ot-cat-header,
                    #onetrust-banner-sdk .ot-optout-signal
                    {
                        color: #696969;
                    }
            #onetrust-consent-sdk #onetrust-banner-sdk .banner-option-details {
                    background-color: #E9E9E9;}
             #onetrust-consent-sdk #onetrust-banner-sdk a[href],
                    #onetrust-consent-sdk #onetrust-banner-sdk a[href] font,
                    #onetrust-consent-sdk #onetrust-banner-sdk .ot-link-btn
                        {
                            color: #3860BE;
                        }#onetrust-consent-sdk #onetrust-accept-btn-handler,
                         #onetrust-banner-sdk #onetrust-reject-all-handler {
                            background-color: #C8030F;border-color: #C8030F;
                color: #FFFFFF;
            }
            #onetrust-consent-sdk #onetrust-banner-sdk *:focus,
            #onetrust-consent-sdk #onetrust-banner-sdk:focus {
               outline-color: #000000;
               outline-width: 1px;
            }
            #onetrust-consent-sdk #onetrust-pc-btn-handler,
            #onetrust-consent-sdk #onetrust-pc-btn-handler.cookie-setting-link {
                color: #ffffff; border-color: #ffffff;
                background-color:
                #C8030F;
            }.ot-ven-hdr h3 {
  font-size: .99em !important;
}
.ot-ven-link, .ot-ven-legclaim-link {
    font-size: .99em !important;
}
.ot-acc-txt h4 {
    font-size: .99em !important;
}
.ot-acc-txt p {
    font-size: .99em !important; 
}#onetrust-pc-sdk.otPcCenter{overflow:hidden;position:fixed;margin:0 auto;top:5%;right:0;left:0;width:40%;max-width:575px;min-width:575px;border-radius:2.5px;z-index:2147483647;background-color:#fff;-webkit-box-shadow:0px 2px 10px -3px #999;-moz-box-shadow:0px 2px 10px -3px #999;box-shadow:0px 2px 10px -3px #999}#onetrust-pc-sdk.otPcCenter[dir=rtl]{right:0;left:0}#onetrust-pc-sdk.otRelFont{font-size:1rem}#onetrust-pc-sdk .ot-optout-signal{margin-top:.625rem}#onetrust-pc-sdk #ot-addtl-venlst .ot-arw-cntr,#onetrust-pc-sdk #ot-addtl-venlst .ot-plus-minus,#onetrust-pc-sdk .ot-hide-tgl{visibility:hidden}#onetrust-pc-sdk #ot-addtl-venlst .ot-arw-cntr *,#onetrust-pc-sdk #ot-addtl-venlst .ot-plus-minus *,#onetrust-pc-sdk .ot-hide-tgl *{visibility:hidden}#onetrust-pc-sdk #ot-gn-venlst .ot-ven-item .ot-acc-hdr{min-height:40px}#onetrust-pc-sdk .ot-pc-header{height:39px;padding:10px 0 10px 30px;border-bottom:1px solid #e9e9e9}#onetrust-pc-sdk #ot-pc-title,#onetrust-pc-sdk #ot-category-title,#onetrust-pc-sdk .ot-cat-header,#onetrust-pc-sdk #ot-lst-title,#onetrust-pc-sdk .ot-ven-hdr .ot-ven-name,#onetrust-pc-sdk .ot-always-active{font-weight:bold;color:dimgray}#onetrust-pc-sdk .ot-always-active-group .ot-cat-header{width:55%;font-weight:700}#onetrust-pc-sdk .ot-cat-item p{clear:both;float:left;margin-top:10px;margin-bottom:5px;line-height:1.5;font-size:.812em;color:dimgray}#onetrust-pc-sdk .ot-close-icon{height:44px;width:44px;background-size:10px}#onetrust-pc-sdk #ot-pc-title{float:left;font-size:1em;line-height:1.5;margin-bottom:10px;margin-top:10px;width:100%}#onetrust-pc-sdk #accept-recommended-btn-handler{margin-right:10px;margin-bottom:25px;outline-offset:-1px}#onetrust-pc-sdk #ot-pc-desc{clear:both;width:100%;font-size:.812em;line-height:1.5;margin-bottom:25px}#onetrust-pc-sdk #ot-pc-desc a{margin-left:5px}#onetrust-pc-sdk #ot-pc-desc *{font-size:inherit;line-height:inherit}#onetrust-pc-sdk #ot-pc-desc ul li{padding:10px 0px}#onetrust-pc-sdk a{color:#656565;cursor:pointer}#onetrust-pc-sdk a:hover{color:#3860be}#onetrust-pc-sdk label{margin-bottom:0}#onetrust-pc-sdk #vdr-lst-dsc{font-size:.812em;line-height:1.5;padding:10px 15px 5px 15px}#onetrust-pc-sdk button{max-width:394px;padding:12px 30px;line-height:1;word-break:break-word;word-wrap:break-word;white-space:normal;font-weight:bold;height:auto}#onetrust-pc-sdk .ot-link-btn{padding:0;margin-bottom:0;border:0;font-weight:normal;line-height:normal;width:auto;height:auto}#onetrust-pc-sdk #ot-pc-content{position:absolute;overflow-y:scroll;padding-left:0px;padding-right:30px;top:60px;bottom:110px;margin:1px 3px 0 30px;width:calc(100% - 63px)}#onetrust-pc-sdk .ot-vs-list .ot-always-active,#onetrust-pc-sdk .ot-cat-grp .ot-always-active{float:right;clear:none;color:#3860be;margin:0;font-size:.813em;line-height:1.3}#onetrust-pc-sdk .ot-pc-scrollbar::-webkit-scrollbar-track{margin-right:20px}#onetrust-pc-sdk .ot-pc-scrollbar::-webkit-scrollbar{width:11px}#onetrust-pc-sdk .ot-pc-scrollbar::-webkit-scrollbar-thumb{border-radius:10px;background:#d8d8d8}#onetrust-pc-sdk input[type=checkbox]:focus+.ot-acc-hdr{outline:#000 1px solid}#onetrust-pc-sdk .ot-pc-scrollbar{scrollbar-arrow-color:#d8d8d8;scrollbar-darkshadow-color:#d8d8d8;scrollbar-face-color:#d8d8d8;scrollbar-shadow-color:#d8d8d8}#onetrust-pc-sdk .save-preference-btn-handler{margin-right:20px}#onetrust-pc-sdk .ot-pc-refuse-all-handler{margin-right:10px}#onetrust-pc-sdk #ot-pc-desc .privacy-notice-link{margin-left:0;margin-right:8px}#onetrust-pc-sdk #ot-pc-desc .ot-imprint-handler{margin-left:0;margin-right:8px}#onetrust-pc-sdk .ot-subgrp-cntr{display:inline-block;clear:both;width:100%;padding-top:15px}#onetrust-pc-sdk .ot-switch+.ot-subgrp-cntr{padding-top:10px}#onetrust-pc-sdk ul.ot-subgrps{margin:0;font-size:initial}#onetrust-pc-sdk ul.ot-subgrps li p,#onetrust-pc-sdk ul.ot-subgrps li h5{font-size:.813em;line-height:1.4;color:dimgray}#onetrust-pc-sdk ul.ot-subgrps .ot-switch{min-height:auto}#onetrust-pc-sdk ul.ot-subgrps .ot-switch-nob{top:0}#onetrust-pc-sdk ul.ot-subgrps .ot-acc-hdr{display:inline-block;width:100%}#onetrust-pc-sdk ul.ot-subgrps .ot-acc-txt{margin:0}#onetrust-pc-sdk ul.ot-subgrps li{padding:0;border:none}#onetrust-pc-sdk ul.ot-subgrps li h5{position:relative;top:5px;font-weight:bold;margin-bottom:0;float:left}#onetrust-pc-sdk li.ot-subgrp{margin-left:20px;overflow:auto}#onetrust-pc-sdk li.ot-subgrp>h5{width:calc(100% - 100px)}#onetrust-pc-sdk .ot-cat-item p>ul,#onetrust-pc-sdk li.ot-subgrp p>ul{margin:0px;list-style:disc;margin-left:15px;font-size:inherit}#onetrust-pc-sdk .ot-cat-item p>ul li,#onetrust-pc-sdk li.ot-subgrp p>ul li{font-size:inherit;padding-top:10px;padding-left:0px;padding-right:0px;border:none}#onetrust-pc-sdk .ot-cat-item p>ul li:last-child,#onetrust-pc-sdk li.ot-subgrp p>ul li:last-child{padding-bottom:10px}#onetrust-pc-sdk .ot-pc-logo{height:40px;width:120px}#onetrust-pc-sdk .ot-pc-footer{position:absolute;bottom:0px;width:100%;max-height:160px;border-top:1px solid #d8d8d8}#onetrust-pc-sdk.ot-ftr-stacked .ot-pc-refuse-all-handler{margin-bottom:0px}#onetrust-pc-sdk.ot-ftr-stacked #ot-pc-content{bottom:160px}#onetrust-pc-sdk.ot-ftr-stacked .ot-pc-footer button{width:100%;max-width:none}#onetrust-pc-sdk.ot-ftr-stacked .ot-btn-container{margin:0 30px;width:calc(100% - 60px);padding-right:0}#onetrust-pc-sdk .ot-pc-footer-logo{height:30px;width:100%;text-align:right;background:#f4f4f4}#onetrust-pc-sdk .ot-pc-footer-logo a{display:inline-block;margin-top:5px;margin-right:10px}#onetrust-pc-sdk[dir=rtl] .ot-pc-footer-logo{direction:rtl}#onetrust-pc-sdk[dir=rtl] .ot-pc-footer-logo a{margin-right:25px}#onetrust-pc-sdk .ot-tgl{float:right;position:relative;z-index:1}#onetrust-pc-sdk .ot-tgl input:checked+.ot-switch .ot-switch-nob{background-color:#cddcf2;border:1px solid #3860be}#onetrust-pc-sdk .ot-tgl input:checked+.ot-switch .ot-switch-nob:before{-webkit-transform:translateX(20px);-ms-transform:translateX(20px);transform:translateX(20px);background-color:#3860be;border-color:#3860be}#onetrust-pc-sdk .ot-tgl input:focus+.ot-switch{outline:#000 solid 1px}#onetrust-pc-sdk .ot-switch{position:relative;display:inline-block;width:45px;height:25px}#onetrust-pc-sdk .ot-switch-nob{position:absolute;cursor:pointer;top:0;left:0;right:0;bottom:0;background-color:#f2f1f1;border:1px solid #ddd;transition:all .2s ease-in 0s;-moz-transition:all .2s ease-in 0s;-o-transition:all .2s ease-in 0s;-webkit-transition:all .2s ease-in 0s;border-radius:20px}#onetrust-pc-sdk .ot-switch-nob:before{position:absolute;content:"";height:21px;width:21px;bottom:1px;background-color:#7d7d7d;-webkit-transition:.4s;transition:.4s;border-radius:20px}#onetrust-pc-sdk .ot-chkbox input:checked~label::before{background-color:#3860be}#onetrust-pc-sdk .ot-chkbox input+label::after{content:none;color:#fff}#onetrust-pc-sdk .ot-chkbox input:checked+label::after{content:""}#onetrust-pc-sdk .ot-chkbox input:focus+label::before{outline-style:solid;outline-width:2px;outline-style:auto}#onetrust-pc-sdk .ot-chkbox label{position:relative;display:inline-block;padding-left:30px;cursor:pointer;font-weight:500}#onetrust-pc-sdk .ot-chkbox label::before,#onetrust-pc-sdk .ot-chkbox label::after{position:absolute;content:"";display:inline-block;border-radius:3px}#onetrust-pc-sdk .ot-chkbox label::before{height:18px;width:18px;border:1px solid #3860be;left:0px;top:auto}#onetrust-pc-sdk .ot-chkbox label::after{height:5px;width:9px;border-left:3px solid;border-bottom:3px solid;transform:rotate(-45deg);-o-transform:rotate(-45deg);-ms-transform:rotate(-45deg);-webkit-transform:rotate(-45deg);left:4px;top:5px}#onetrust-pc-sdk .ot-label-txt{display:none}#onetrust-pc-sdk .ot-chkbox input,#onetrust-pc-sdk .ot-tgl input{position:absolute;opacity:0;width:0;height:0}#onetrust-pc-sdk .ot-arw-cntr{float:right;position:relative;pointer-events:none}#onetrust-pc-sdk .ot-arw-cntr .ot-arw{width:16px;height:16px;margin-left:5px;color:dimgray;display:inline-block;vertical-align:middle;-webkit-transition:all 150ms ease-in 0s;-moz-transition:all 150ms ease-in 0s;-o-transition:all 150ms ease-in 0s;transition:all 150ms ease-in 0s}#onetrust-pc-sdk input:checked~.ot-acc-hdr .ot-arw,#onetrust-pc-sdk button[aria-expanded=true]~.ot-acc-hdr .ot-arw-cntr svg{transform:rotate(90deg);-o-transform:rotate(90deg);-ms-transform:rotate(90deg);-webkit-transform:rotate(90deg)}#onetrust-pc-sdk input[type=checkbox]:focus+.ot-acc-hdr{outline:#000 1px solid}#onetrust-pc-sdk .ot-tgl-cntr,#onetrust-pc-sdk .ot-arw-cntr{display:inline-block}#onetrust-pc-sdk .ot-tgl-cntr{width:45px;float:right;margin-top:2px}#onetrust-pc-sdk #ot-lst-cnt .ot-tgl-cntr{margin-top:10px}#onetrust-pc-sdk .ot-always-active-subgroup{width:auto;padding-left:0px !important;top:3px;position:relative}#onetrust-pc-sdk .ot-label-status{padding-left:5px;font-size:.75em;display:none}#onetrust-pc-sdk .ot-arw-cntr{margin-top:-1px}#onetrust-pc-sdk .ot-arw-cntr svg{-webkit-transition:all 300ms ease-in 0s;-moz-transition:all 300ms ease-in 0s;-o-transition:all 300ms ease-in 0s;transition:all 300ms ease-in 0s;height:10px;width:10px}#onetrust-pc-sdk input:checked~.ot-acc-hdr .ot-arw{transform:rotate(90deg);-o-transform:rotate(90deg);-ms-transform:rotate(90deg);-webkit-transform:rotate(90deg)}#onetrust-pc-sdk .ot-arw{width:10px;margin-left:15px;transition:all 300ms ease-in 0s;-webkit-transition:all 300ms ease-in 0s;-moz-transition:all 300ms ease-in 0s;-o-transition:all 300ms ease-in 0s}#onetrust-pc-sdk .ot-vlst-cntr{margin-bottom:0}#onetrust-pc-sdk .ot-hlst-cntr{margin-top:5px;display:inline-block;width:100%}#onetrust-pc-sdk .category-vendors-list-handler,#onetrust-pc-sdk .category-vendors-list-handler+a,#onetrust-pc-sdk .category-host-list-handler{clear:both;color:#3860be;margin-left:0;font-size:.813em;text-decoration:none;float:left;overflow:hidden}#onetrust-pc-sdk .category-vendors-list-handler:hover,#onetrust-pc-sdk .category-vendors-list-handler+a:hover,#onetrust-pc-sdk .category-host-list-handler:hover{text-decoration-line:underline}#onetrust-pc-sdk .category-vendors-list-handler+a{clear:none}#onetrust-pc-sdk .ot-vlst-cntr .ot-ext-lnk,#onetrust-pc-sdk .ot-ven-hdr .ot-ext-lnk{display:inline-block;height:13px;width:13px;background-repeat:no-repeat;margin-left:1px;margin-top:6px;cursor:pointer}#onetrust-pc-sdk .ot-ven-hdr .ot-ext-lnk{margin-bottom:-1px}#onetrust-pc-sdk .back-btn-handler{font-size:1em;text-decoration:none}#onetrust-pc-sdk .back-btn-handler:hover{opacity:.6}#onetrust-pc-sdk #ot-lst-title h3{display:inline-block;word-break:break-word;word-wrap:break-word;margin-bottom:0;color:#656565;font-size:1em;font-weight:bold;margin-left:15px}#onetrust-pc-sdk #ot-lst-title{margin:10px 0 10px 0px;font-size:1em;text-align:left}#onetrust-pc-sdk #ot-pc-hdr{margin:0 0 0 30px;height:auto;width:auto}#onetrust-pc-sdk #ot-pc-hdr input::placeholder{color:#d4d4d4;font-style:italic}#onetrust-pc-sdk #vendor-search-handler{height:31px;width:100%;border-radius:50px;font-size:.8em;padding-right:35px;padding-left:15px;float:left;margin-left:15px}#onetrust-pc-sdk .ot-ven-name{display:block;width:auto;padding-right:5px}#onetrust-pc-sdk #ot-lst-cnt{overflow-y:auto;margin-left:20px;margin-right:7px;width:calc(100% - 27px);max-height:calc(100% - 80px);height:100%;transform:translate3d(0, 0, 0)}#onetrust-pc-sdk #ot-pc-lst{width:100%;bottom:100px;position:absolute;top:60px}#onetrust-pc-sdk #ot-pc-lst:not(.ot-enbl-chr) .ot-tgl-cntr .ot-arw-cntr,#onetrust-pc-sdk #ot-pc-lst:not(.ot-enbl-chr) .ot-tgl-cntr .ot-arw-cntr *{visibility:hidden}#onetrust-pc-sdk #ot-pc-lst .ot-tgl-cntr{right:12px;position:absolute}#onetrust-pc-sdk #ot-pc-lst .ot-arw-cntr{float:right;position:relative}#onetrust-pc-sdk #ot-pc-lst .ot-arw{margin-left:10px}#onetrust-pc-sdk #ot-pc-lst .ot-acc-hdr{overflow:hidden;cursor:pointer}#onetrust-pc-sdk .ot-vlst-cntr{overflow:hidden}#onetrust-pc-sdk #ot-sel-blk{overflow:hidden;width:100%;position:sticky;position:-webkit-sticky;top:0;z-index:3}#onetrust-pc-sdk #ot-back-arw{height:12px;width:12px}#onetrust-pc-sdk .ot-lst-subhdr{width:100%;display:inline-block}#onetrust-pc-sdk .ot-search-cntr{float:left;width:78%;position:relative}#onetrust-pc-sdk .ot-search-cntr>svg{width:30px;height:30px;position:absolute;float:left;right:-15px}#onetrust-pc-sdk .ot-fltr-cntr{float:right;right:50px;position:relative}#onetrust-pc-sdk #filter-btn-handler{background-color:#3860be;border-radius:17px;display:inline-block;position:relative;width:32px;height:32px;-moz-transition:.1s ease;-o-transition:.1s ease;-webkit-transition:1s ease;transition:.1s ease;padding:0;margin:0}#onetrust-pc-sdk #filter-btn-handler:hover{background-color:#3860be}#onetrust-pc-sdk #filter-btn-handler svg{width:12px;height:12px;margin:3px 10px 0 10px;display:block;position:static;right:auto;top:auto}#onetrust-pc-sdk .ot-ven-link,#onetrust-pc-sdk .ot-ven-legclaim-link{color:#3860be;text-decoration:none;font-weight:100;display:inline-block;padding-top:10px;transform:translate(0, 1%);-o-transform:translate(0, 1%);-ms-transform:translate(0, 1%);-webkit-transform:translate(0, 1%);position:relative;z-index:2}#onetrust-pc-sdk .ot-ven-link *,#onetrust-pc-sdk .ot-ven-legclaim-link *{font-size:inherit}#onetrust-pc-sdk .ot-ven-link:hover,#onetrust-pc-sdk .ot-ven-legclaim-link:hover{text-decoration:underline}#onetrust-pc-sdk .ot-ven-hdr{width:calc(100% - 160px);height:auto;float:left;word-break:break-word;word-wrap:break-word;vertical-align:middle;padding-bottom:3px}#onetrust-pc-sdk .ot-ven-link,#onetrust-pc-sdk .ot-ven-legclaim-link{letter-spacing:.03em;font-size:.75em;font-weight:400}#onetrust-pc-sdk .ot-ven-dets{border-radius:2px;background-color:#f8f8f8}#onetrust-pc-sdk .ot-ven-dets li:first-child p:first-child{border-top:none}#onetrust-pc-sdk .ot-ven-dets .ot-ven-disc:not(:first-child){border-top:1px solid #ddd !important}#onetrust-pc-sdk .ot-ven-dets .ot-ven-disc:nth-child(n+3) p{display:inline-block}#onetrust-pc-sdk .ot-ven-dets .ot-ven-disc:nth-child(n+3) p:nth-of-type(odd){width:30%}#onetrust-pc-sdk .ot-ven-dets .ot-ven-disc:nth-child(n+3) p:nth-of-type(even){width:50%;word-break:break-word;word-wrap:break-word}#onetrust-pc-sdk .ot-ven-dets .ot-ven-disc p,#onetrust-pc-sdk .ot-ven-dets .ot-ven-disc h4{padding-top:5px;padding-bottom:5px;display:block}#onetrust-pc-sdk .ot-ven-dets .ot-ven-disc h4{display:inline-block}#onetrust-pc-sdk .ot-ven-dets .ot-ven-disc p:nth-last-child(-n+1){padding-bottom:10px}#onetrust-pc-sdk .ot-ven-dets .ot-ven-disc p:nth-child(-n+2):not(.disc-pur){padding-top:10px}#onetrust-pc-sdk .ot-ven-dets .ot-ven-disc .disc-pur-cont{display:inline}#onetrust-pc-sdk .ot-ven-dets .ot-ven-disc .disc-pur{position:relative;width:50% !important;word-break:break-word;word-wrap:break-word;left:calc(30% + 17px)}#onetrust-pc-sdk .ot-ven-dets .ot-ven-disc .disc-pur:nth-child(-n+1){position:static}#onetrust-pc-sdk .ot-ven-dets p,#onetrust-pc-sdk .ot-ven-dets h4,#onetrust-pc-sdk .ot-ven-dets span{font-size:.69em;text-align:left;vertical-align:middle;word-break:break-word;word-wrap:break-word;margin:0;padding-bottom:10px;padding-left:15px;color:#2e3644}#onetrust-pc-sdk .ot-ven-dets h4{padding-top:5px}#onetrust-pc-sdk .ot-ven-dets span{color:dimgray;padding:0;vertical-align:baseline}#onetrust-pc-sdk .ot-ven-dets .ot-ven-pur h4{border-top:1px solid #e9e9e9;border-bottom:1px solid #e9e9e9;padding-bottom:5px;margin-bottom:5px;font-weight:bold}#onetrust-pc-sdk #ot-host-lst .ot-sel-all{float:right;position:relative;margin-right:42px;top:10px}#onetrust-pc-sdk #ot-host-lst .ot-sel-all input[type=checkbox]{width:auto;height:auto}#onetrust-pc-sdk #ot-host-lst .ot-sel-all label{height:20px;width:20px;padding-left:0px}#onetrust-pc-sdk #ot-host-lst .ot-acc-txt{overflow:hidden;width:95%}#onetrust-pc-sdk .ot-host-hdr{position:relative;z-index:1;pointer-events:none;width:calc(100% - 125px);float:left}#onetrust-pc-sdk .ot-host-name,#onetrust-pc-sdk .ot-host-desc{display:inline-block;width:90%}#onetrust-pc-sdk .ot-host-name{pointer-events:none}#onetrust-pc-sdk .ot-host-hdr>a{text-decoration:underline;font-size:.82em;position:relative;z-index:2;float:left;margin-bottom:5px;pointer-events:initial}#onetrust-pc-sdk .ot-host-name+a{margin-top:5px}#onetrust-pc-sdk .ot-host-name,#onetrust-pc-sdk .ot-host-name a,#onetrust-pc-sdk .ot-host-desc,#onetrust-pc-sdk .ot-host-info{color:dimgray;word-break:break-word;word-wrap:break-word}#onetrust-pc-sdk .ot-host-name,#onetrust-pc-sdk .ot-host-name a{font-weight:bold;font-size:.82em;line-height:1.3}#onetrust-pc-sdk .ot-host-name a{font-size:1em}#onetrust-pc-sdk .ot-host-expand{margin-top:3px;margin-bottom:3px;clear:both;display:block;color:#3860be;font-size:.72em;font-weight:normal}#onetrust-pc-sdk .ot-host-expand *{font-size:inherit}#onetrust-pc-sdk .ot-host-desc,#onetrust-pc-sdk .ot-host-info{font-size:.688em;line-height:1.4;font-weight:normal}#onetrust-pc-sdk .ot-host-desc{margin-top:10px}#onetrust-pc-sdk .ot-host-opt{margin:0;font-size:inherit;display:inline-block;width:100%}#onetrust-pc-sdk .ot-host-opt li>div div{font-size:.8em;padding:5px 0}#onetrust-pc-sdk .ot-host-opt li>div div:nth-child(1){width:30%;float:left}#onetrust-pc-sdk .ot-host-opt li>div div:nth-child(2){width:70%;float:left;word-break:break-word;word-wrap:break-word}#onetrust-pc-sdk .ot-host-info{border:none;display:inline-block;width:calc(100% - 10px);padding:10px;margin-bottom:10px;background-color:#f8f8f8}#onetrust-pc-sdk .ot-host-info>div{overflow:auto}#onetrust-pc-sdk #no-results{text-align:center;margin-top:30px}#onetrust-pc-sdk #no-results p{font-size:1em;color:#2e3644;word-break:break-word;word-wrap:break-word}#onetrust-pc-sdk #no-results p span{font-weight:bold}#onetrust-pc-sdk #ot-fltr-modal{width:100%;height:auto;display:none;-moz-transition:.2s ease;-o-transition:.2s ease;-webkit-transition:2s ease;transition:.2s ease;overflow:hidden;opacity:1;right:0}#onetrust-pc-sdk #ot-fltr-modal .ot-label-txt{display:inline-block;font-size:.85em;color:dimgray}#onetrust-pc-sdk #ot-fltr-cnt{z-index:2147483646;background-color:#fff;position:absolute;height:90%;max-height:300px;width:325px;left:210px;margin-top:10px;margin-bottom:20px;padding-right:10px;border-radius:3px;-webkit-box-shadow:0px 0px 12px 2px #c7c5c7;-moz-box-shadow:0px 0px 12px 2px #c7c5c7;box-shadow:0px 0px 12px 2px #c7c5c7}#onetrust-pc-sdk .ot-fltr-scrlcnt{overflow-y:auto;overflow-x:hidden;clear:both;max-height:calc(100% - 60px)}#onetrust-pc-sdk #ot-anchor{border:12px solid rgba(0,0,0,0);display:none;position:absolute;z-index:2147483647;right:55px;top:75px;transform:rotate(45deg);-o-transform:rotate(45deg);-ms-transform:rotate(45deg);-webkit-transform:rotate(45deg);background-color:#fff;-webkit-box-shadow:-3px -3px 5px -2px #c7c5c7;-moz-box-shadow:-3px -3px 5px -2px #c7c5c7;box-shadow:-3px -3px 5px -2px #c7c5c7}#onetrust-pc-sdk .ot-fltr-btns{margin-left:15px}#onetrust-pc-sdk #filter-apply-handler{margin-right:15px}#onetrust-pc-sdk .ot-fltr-opt{margin-bottom:25px;margin-left:15px;width:75%;position:relative}#onetrust-pc-sdk .ot-fltr-opt p{display:inline-block;margin:0;font-size:.9em;color:#2e3644}#onetrust-pc-sdk .ot-chkbox label span{font-size:.85em;color:dimgray}#onetrust-pc-sdk .ot-chkbox input[type=checkbox]+label::after{content:none;color:#fff}#onetrust-pc-sdk .ot-chkbox input[type=checkbox]:checked+label::after{content:""}#onetrust-pc-sdk .ot-chkbox input[type=checkbox]:focus+label::before{outline-style:solid;outline-width:2px;outline-style:auto}#onetrust-pc-sdk #ot-selall-vencntr,#onetrust-pc-sdk #ot-selall-adtlvencntr,#onetrust-pc-sdk #ot-selall-hostcntr,#onetrust-pc-sdk #ot-selall-licntr,#onetrust-pc-sdk #ot-selall-gnvencntr{right:15px;position:relative;width:20px;height:20px;float:right}#onetrust-pc-sdk #ot-selall-vencntr label,#onetrust-pc-sdk #ot-selall-adtlvencntr label,#onetrust-pc-sdk #ot-selall-hostcntr label,#onetrust-pc-sdk #ot-selall-licntr label,#onetrust-pc-sdk #ot-selall-gnvencntr label{float:left;padding-left:0}#onetrust-pc-sdk #ot-ven-lst:first-child{border-top:1px solid #e2e2e2}#onetrust-pc-sdk ul{list-style:none;padding:0}#onetrust-pc-sdk ul li{position:relative;margin:0;padding:15px 15px 15px 10px;border-bottom:1px solid #e2e2e2}#onetrust-pc-sdk ul li h3{font-size:.75em;color:#656565;margin:0;display:inline-block;width:70%;height:auto;word-break:break-word;word-wrap:break-word}#onetrust-pc-sdk ul li p{margin:0;font-size:.7em}#onetrust-pc-sdk ul li input[type=checkbox]{position:absolute;cursor:pointer;width:100%;height:100%;opacity:0;margin:0;top:0;left:0}#onetrust-pc-sdk .ot-cat-item>button:focus,#onetrust-pc-sdk .ot-acc-cntr>button:focus,#onetrust-pc-sdk li>button:focus{outline:#000 solid 2px}#onetrust-pc-sdk .ot-cat-item>button,#onetrust-pc-sdk .ot-acc-cntr>button,#onetrust-pc-sdk li>button{position:absolute;cursor:pointer;width:100%;height:100%;margin:0;top:0;left:0;z-index:1;max-width:none;border:none}#onetrust-pc-sdk .ot-cat-item>button[aria-expanded=false]~.ot-acc-txt,#onetrust-pc-sdk .ot-acc-cntr>button[aria-expanded=false]~.ot-acc-txt,#onetrust-pc-sdk li>button[aria-expanded=false]~.ot-acc-txt{margin-top:0;max-height:0;opacity:0;overflow:hidden;width:100%;transition:.25s ease-out;display:none}#onetrust-pc-sdk .ot-cat-item>button[aria-expanded=true]~.ot-acc-txt,#onetrust-pc-sdk .ot-acc-cntr>button[aria-expanded=true]~.ot-acc-txt,#onetrust-pc-sdk li>button[aria-expanded=true]~.ot-acc-txt{transition:.1s ease-in;margin-top:10px;width:100%;overflow:auto;display:block}#onetrust-pc-sdk .ot-cat-item>button[aria-expanded=true]~.ot-acc-grpcntr,#onetrust-pc-sdk .ot-acc-cntr>button[aria-expanded=true]~.ot-acc-grpcntr,#onetrust-pc-sdk li>button[aria-expanded=true]~.ot-acc-grpcntr{width:auto;margin-top:0px;padding-bottom:10px}#onetrust-pc-sdk .ot-host-item>button:focus,#onetrust-pc-sdk .ot-ven-item>button:focus{outline:0;border:2px solid #000}#onetrust-pc-sdk .ot-hide-acc>button{pointer-events:none}#onetrust-pc-sdk .ot-hide-acc .ot-plus-minus>*,#onetrust-pc-sdk .ot-hide-acc .ot-arw-cntr>*{visibility:hidden}#onetrust-pc-sdk .ot-hide-acc .ot-acc-hdr{min-height:30px}#onetrust-pc-sdk.ot-addtl-vendors #ot-lst-cnt:not(.ot-host-cnt){padding-right:10px;width:calc(100% - 37px);margin-top:10px;max-height:calc(100% - 90px)}#onetrust-pc-sdk.ot-addtl-vendors #ot-lst-cnt:not(.ot-host-cnt) #ot-sel-blk{background-color:#f9f9fc;border:1px solid #e2e2e2;width:calc(100% - 2px);padding-bottom:5px;padding-top:5px}#onetrust-pc-sdk.ot-addtl-vendors #ot-lst-cnt:not(.ot-host-cnt) #ot-sel-blk.ot-vnd-list-cnt{border:unset;background-color:unset}#onetrust-pc-sdk.ot-addtl-vendors #ot-lst-cnt:not(.ot-host-cnt) #ot-sel-blk.ot-vnd-list-cnt .ot-sel-all-hdr{display:none}#onetrust-pc-sdk.ot-addtl-vendors #ot-lst-cnt:not(.ot-host-cnt) #ot-sel-blk.ot-vnd-list-cnt .ot-sel-all{padding-right:.5rem}#onetrust-pc-sdk.ot-addtl-vendors #ot-lst-cnt:not(.ot-host-cnt) #ot-sel-blk.ot-vnd-list-cnt .ot-sel-all .ot-chkbox{right:0}#onetrust-pc-sdk.ot-addtl-vendors #ot-lst-cnt:not(.ot-host-cnt) .ot-sel-all{padding-right:34px}#onetrust-pc-sdk.ot-addtl-vendors #ot-lst-cnt:not(.ot-host-cnt) .ot-sel-all-chkbox{width:auto}#onetrust-pc-sdk.ot-addtl-vendors #ot-lst-cnt:not(.ot-host-cnt) ul li{border:1px solid #e2e2e2;margin-bottom:10px}#onetrust-pc-sdk.ot-addtl-vendors #ot-lst-cnt:not(.ot-host-cnt) .ot-acc-cntr>.ot-acc-hdr{padding:10px 0 10px 15px}#onetrust-pc-sdk.ot-addtl-vendors .ot-sel-all-chkbox{float:right}#onetrust-pc-sdk.ot-addtl-vendors .ot-plus-minus~.ot-sel-all-chkbox{right:34px}#onetrust-pc-sdk.ot-addtl-vendors #ot-ven-lst:first-child{border-top:none}#onetrust-pc-sdk .ot-acc-cntr{position:relative;border-left:1px solid #e2e2e2;border-right:1px solid #e2e2e2;border-bottom:1px solid #e2e2e2}#onetrust-pc-sdk .ot-acc-cntr input{z-index:1}#onetrust-pc-sdk .ot-acc-cntr>.ot-acc-hdr{background-color:#f9f9fc;padding:5px 0 5px 15px;width:auto}#onetrust-pc-sdk .ot-acc-cntr>.ot-acc-hdr .ot-plus-minus{vertical-align:middle;top:auto}#onetrust-pc-sdk .ot-acc-cntr>.ot-acc-hdr .ot-arw-cntr{right:10px}#onetrust-pc-sdk .ot-acc-cntr>.ot-acc-hdr input{z-index:2}#onetrust-pc-sdk .ot-acc-cntr.ot-add-tech .ot-acc-hdr{padding:10px 0 10px 15px}#onetrust-pc-sdk .ot-acc-cntr>input[type=checkbox]:checked~.ot-acc-hdr{border-bottom:1px solid #e2e2e2}#onetrust-pc-sdk .ot-acc-cntr>.ot-acc-txt{padding-left:10px;padding-right:10px}#onetrust-pc-sdk .ot-acc-cntr button[aria-expanded=true]~.ot-acc-txt{width:auto}#onetrust-pc-sdk .ot-acc-cntr .ot-addtl-venbox{display:none}#onetrust-pc-sdk .ot-vlst-cntr{margin-bottom:0;width:100%}#onetrust-pc-sdk .ot-vensec-title{font-size:.813em;vertical-align:middle;display:inline-block}#onetrust-pc-sdk .category-vendors-list-handler,#onetrust-pc-sdk .category-vendors-list-handler+a{margin-left:0;margin-top:10px}#onetrust-pc-sdk #ot-selall-vencntr.line-through label::after,#onetrust-pc-sdk #ot-selall-adtlvencntr.line-through label::after,#onetrust-pc-sdk #ot-selall-licntr.line-through label::after,#onetrust-pc-sdk #ot-selall-hostcntr.line-through label::after,#onetrust-pc-sdk #ot-selall-gnvencntr.line-through label::after{height:auto;border-left:0;transform:none;-o-transform:none;-ms-transform:none;-webkit-transform:none;left:5px;top:9px}#onetrust-pc-sdk #ot-category-title{float:left;padding-bottom:10px;font-size:1em;width:100%}#onetrust-pc-sdk .ot-cat-grp{margin-top:10px}#onetrust-pc-sdk .ot-cat-item{line-height:1.1;margin-top:10px;display:inline-block;width:100%}#onetrust-pc-sdk .ot-btn-container{text-align:right}#onetrust-pc-sdk .ot-btn-container button{display:inline-block;font-size:.75em;letter-spacing:.08em;margin-top:19px}#onetrust-pc-sdk #close-pc-btn-handler.ot-close-icon{position:absolute;top:10px;right:0;z-index:1;padding:0;background-color:rgba(0,0,0,0);border:none}#onetrust-pc-sdk #close-pc-btn-handler.ot-close-icon svg{display:block;height:10px;width:10px}#onetrust-pc-sdk #clear-filters-handler{margin-top:20px;margin-bottom:10px;float:right;max-width:200px;text-decoration:none;color:#3860be;font-size:.9em;font-weight:bold;background-color:rgba(0,0,0,0);border-color:rgba(0,0,0,0);padding:1px}#onetrust-pc-sdk #clear-filters-handler:hover{color:#2285f7}#onetrust-pc-sdk #clear-filters-handler:focus{outline:#000 solid 1px}#onetrust-pc-sdk .ot-enbl-chr h4~.ot-tgl,#onetrust-pc-sdk .ot-enbl-chr h4~.ot-always-active{right:45px}#onetrust-pc-sdk .ot-enbl-chr h4~.ot-tgl+.ot-tgl{right:120px}#onetrust-pc-sdk .ot-enbl-chr .ot-pli-hdr.ot-leg-border-color span:first-child{width:90px}#onetrust-pc-sdk .ot-enbl-chr li.ot-subgrp>h5+.ot-tgl-cntr{padding-right:25px}#onetrust-pc-sdk .ot-plus-minus{width:20px;height:20px;font-size:1.5em;position:relative;display:inline-block;margin-right:5px;top:3px}#onetrust-pc-sdk .ot-plus-minus span{position:absolute;background:#27455c;border-radius:1px}#onetrust-pc-sdk .ot-plus-minus span:first-of-type{top:25%;bottom:25%;width:10%;left:45%}#onetrust-pc-sdk .ot-plus-minus span:last-of-type{left:25%;right:25%;height:10%;top:45%}#onetrust-pc-sdk button[aria-expanded=true]~.ot-acc-hdr .ot-arw,#onetrust-pc-sdk button[aria-expanded=true]~.ot-acc-hdr .ot-plus-minus span:first-of-type,#onetrust-pc-sdk button[aria-expanded=true]~.ot-acc-hdr .ot-plus-minus span:last-of-type{transform:rotate(90deg)}#onetrust-pc-sdk button[aria-expanded=true]~.ot-acc-hdr .ot-plus-minus span:last-of-type{left:50%;right:50%}#onetrust-pc-sdk #ot-selall-vencntr label,#onetrust-pc-sdk #ot-selall-adtlvencntr label,#onetrust-pc-sdk #ot-selall-hostcntr label,#onetrust-pc-sdk #ot-selall-licntr label{position:relative;display:inline-block;width:20px;height:20px}#onetrust-pc-sdk .ot-host-item .ot-plus-minus,#onetrust-pc-sdk .ot-ven-item .ot-plus-minus{float:left;margin-right:8px;top:10px}#onetrust-pc-sdk .ot-ven-item ul{list-style:none inside;font-size:100%;margin:0}#onetrust-pc-sdk .ot-ven-item ul li{margin:0 !important;padding:0;border:none !important}#onetrust-pc-sdk .ot-pli-hdr{color:#77808e;overflow:hidden;padding-top:7.5px;padding-bottom:7.5px;width:calc(100% - 2px);border-top-left-radius:3px;border-top-right-radius:3px}#onetrust-pc-sdk .ot-pli-hdr span:first-child{top:50%;transform:translateY(50%);max-width:90px}#onetrust-pc-sdk .ot-pli-hdr span:last-child{padding-right:10px;max-width:95px;text-align:center}#onetrust-pc-sdk .ot-li-title{float:right;font-size:.813em}#onetrust-pc-sdk .ot-pli-hdr.ot-leg-border-color{background-color:#f4f4f4;border:1px solid #d8d8d8}#onetrust-pc-sdk .ot-pli-hdr.ot-leg-border-color span:first-child{text-align:left;width:70px}#onetrust-pc-sdk li.ot-subgrp>h5,#onetrust-pc-sdk .ot-cat-header{width:calc(100% - 130px)}#onetrust-pc-sdk li.ot-subgrp>h5+.ot-tgl-cntr{padding-left:13px}#onetrust-pc-sdk .ot-acc-grpcntr .ot-acc-grpdesc{margin-bottom:5px}#onetrust-pc-sdk .ot-acc-grpcntr .ot-subgrp-cntr{border-top:1px solid #d8d8d8}#onetrust-pc-sdk .ot-acc-grpcntr .ot-vlst-cntr+.ot-subgrp-cntr{border-top:none}#onetrust-pc-sdk .ot-acc-hdr .ot-arw-cntr+.ot-tgl-cntr,#onetrust-pc-sdk .ot-acc-txt h4+.ot-tgl-cntr{padding-left:13px}#onetrust-pc-sdk .ot-pli-hdr~.ot-cat-item .ot-subgrp>h5,#onetrust-pc-sdk .ot-pli-hdr~.ot-cat-item .ot-cat-header{width:calc(100% - 145px)}#onetrust-pc-sdk .ot-pli-hdr~.ot-cat-item h5+.ot-tgl-cntr,#onetrust-pc-sdk .ot-pli-hdr~.ot-cat-item .ot-cat-header+.ot-tgl{padding-left:28px}#onetrust-pc-sdk .ot-sel-all-hdr,#onetrust-pc-sdk .ot-sel-all-chkbox{display:inline-block;width:100%;position:relative}#onetrust-pc-sdk .ot-sel-all-chkbox{z-index:1}#onetrust-pc-sdk .ot-sel-all{margin:0;position:relative;padding-right:23px;float:right}#onetrust-pc-sdk .ot-consent-hdr,#onetrust-pc-sdk .ot-li-hdr{float:right;font-size:.812em;line-height:normal;text-align:center;word-break:break-word;word-wrap:break-word}#onetrust-pc-sdk .ot-li-hdr{max-width:100px;padding-right:10px}#onetrust-pc-sdk .ot-consent-hdr{max-width:55px}#onetrust-pc-sdk #ot-selall-licntr{display:block;width:21px;height:auto;float:right;position:relative;right:80px}#onetrust-pc-sdk #ot-selall-licntr label{position:absolute}#onetrust-pc-sdk .ot-ven-ctgl{margin-left:66px}#onetrust-pc-sdk .ot-ven-litgl+.ot-arw-cntr{margin-left:81px}#onetrust-pc-sdk .ot-enbl-chr .ot-host-cnt .ot-tgl-cntr{width:auto}#onetrust-pc-sdk #ot-lst-cnt:not(.ot-host-cnt) .ot-tgl-cntr{width:auto;top:auto;height:20px}#onetrust-pc-sdk #ot-lst-cnt .ot-chkbox{position:relative;display:inline-block;width:20px;height:20px}#onetrust-pc-sdk #ot-lst-cnt .ot-chkbox label{position:absolute;padding:0;width:20px;height:20px}#onetrust-pc-sdk #ot-lst-cnt .ot-vnd-info-cntr{border:1px solid #d8d8d8;padding:.75rem 2rem;padding-bottom:0;width:auto;margin-top:.5rem}#onetrust-pc-sdk .ot-acc-grpdesc+.ot-leg-btn-container{padding-left:20px;padding-right:20px;width:calc(100% - 40px);margin-bottom:5px}#onetrust-pc-sdk .ot-subgrp .ot-leg-btn-container{margin-bottom:5px}#onetrust-pc-sdk #ot-ven-lst .ot-leg-btn-container{margin-top:10px}#onetrust-pc-sdk .ot-leg-btn-container{display:inline-block;width:100%;margin-bottom:10px}#onetrust-pc-sdk .ot-leg-btn-container button{height:auto;padding:6.5px 8px;margin-bottom:0;letter-spacing:0;font-size:.75em;line-height:normal}#onetrust-pc-sdk .ot-leg-btn-container svg{display:none;height:14px;width:14px;padding-right:5px;vertical-align:sub}#onetrust-pc-sdk .ot-active-leg-btn{cursor:default;pointer-events:none}#onetrust-pc-sdk .ot-active-leg-btn svg{display:inline-block}#onetrust-pc-sdk .ot-remove-objection-handler{text-decoration:underline;padding:0;font-size:.75em;font-weight:600;line-height:1;padding-left:10px}#onetrust-pc-sdk .ot-obj-leg-btn-handler span{font-weight:bold;text-align:center;font-size:inherit;line-height:1.5}#onetrust-pc-sdk.ot-close-btn-link #close-pc-btn-handler{border:none;height:auto;line-height:1.5;text-decoration:underline;font-size:.69em;background:none;right:15px;top:15px;width:auto;font-weight:normal}#onetrust-pc-sdk .ot-pgph-link{font-size:.813em !important;margin-top:5px;position:relative}#onetrust-pc-sdk .ot-pgph-link.ot-pgph-link-subgroup{margin-bottom:1rem}#onetrust-pc-sdk .ot-pgph-contr{margin:0 2.5rem}#onetrust-pc-sdk .ot-pgph-title{font-size:1.18rem;margin-bottom:2rem}#onetrust-pc-sdk .ot-pgph-desc{font-size:1rem;font-weight:400;margin-bottom:2rem;line-height:1.5rem}#onetrust-pc-sdk .ot-pgph-desc:not(:last-child):after{content:"";width:96%;display:block;margin:0 auto;padding-bottom:2rem;border-bottom:1px solid #e9e9e9}#onetrust-pc-sdk .ot-cat-header{float:left;font-weight:600;font-size:.875em;line-height:1.5;max-width:90%;vertical-align:middle}#onetrust-pc-sdk .ot-vnd-item>button:focus{outline:#000 solid 2px}#onetrust-pc-sdk .ot-vnd-item>button{position:absolute;cursor:pointer;width:100%;height:100%;margin:0;top:0;left:0;z-index:1;max-width:none;border:none}#onetrust-pc-sdk .ot-vnd-item>button[aria-expanded=false]~.ot-acc-txt{margin-top:0;max-height:0;opacity:0;overflow:hidden;width:100%;transition:.25s ease-out;display:none}#onetrust-pc-sdk .ot-vnd-item>button[aria-expanded=true]~.ot-acc-txt{transition:.1s ease-in;margin-top:10px;width:100%;overflow:auto;display:block}#onetrust-pc-sdk .ot-vnd-item>button[aria-expanded=true]~.ot-acc-grpcntr{width:auto;margin-top:0px;padding-bottom:10px}#onetrust-pc-sdk .ot-accordion-layout.ot-cat-item{position:relative;border-radius:2px;margin:0;padding:0;border:1px solid #d8d8d8;border-top:none;width:calc(100% - 2px);float:left}#onetrust-pc-sdk .ot-accordion-layout.ot-cat-item:first-of-type{margin-top:10px;border-top:1px solid #d8d8d8}#onetrust-pc-sdk .ot-accordion-layout .ot-acc-grpdesc{padding-left:20px;padding-right:20px;width:calc(100% - 40px);font-size:.812em;margin-bottom:10px;margin-top:15px}#onetrust-pc-sdk .ot-accordion-layout .ot-acc-grpdesc>ul{padding-top:10px}#onetrust-pc-sdk .ot-accordion-layout .ot-acc-grpdesc>ul li{padding-top:0;line-height:1.5;padding-bottom:10px}#onetrust-pc-sdk .ot-accordion-layout div+.ot-acc-grpdesc{margin-top:5px}#onetrust-pc-sdk .ot-accordion-layout .ot-vlst-cntr:first-child{margin-top:10px}#onetrust-pc-sdk .ot-accordion-layout .ot-vlst-cntr:last-child,#onetrust-pc-sdk .ot-accordion-layout .ot-hlst-cntr:last-child{margin-bottom:5px}#onetrust-pc-sdk .ot-accordion-layout .ot-acc-hdr{padding-top:11.5px;padding-bottom:11.5px;padding-left:20px;padding-right:20px;width:calc(100% - 40px);display:inline-block}#onetrust-pc-sdk .ot-accordion-layout .ot-acc-txt{width:100%;padding:0}#onetrust-pc-sdk .ot-accordion-layout .ot-subgrp-cntr{padding-left:20px;padding-right:15px;padding-bottom:0;width:calc(100% - 35px)}#onetrust-pc-sdk .ot-accordion-layout .ot-subgrp{padding-right:5px}#onetrust-pc-sdk .ot-accordion-layout .ot-acc-grpcntr{z-index:1;position:relative}#onetrust-pc-sdk .ot-accordion-layout .ot-cat-header+.ot-arw-cntr{position:absolute;top:50%;transform:translateY(-50%);right:20px;margin-top:-2px}#onetrust-pc-sdk .ot-accordion-layout .ot-cat-header+.ot-arw-cntr .ot-arw{width:15px;height:20px;margin-left:5px;color:dimgray}#onetrust-pc-sdk .ot-accordion-layout .ot-cat-header{float:none;color:#2e3644;margin:0;display:inline-block;height:auto;word-wrap:break-word;min-height:inherit}#onetrust-pc-sdk .ot-accordion-layout .ot-vlst-cntr,#onetrust-pc-sdk .ot-accordion-layout .ot-hlst-cntr{padding-left:20px;width:calc(100% - 20px);display:inline-block;margin-top:0;padding-bottom:2px}#onetrust-pc-sdk .ot-accordion-layout .ot-acc-hdr{position:relative;min-height:25px}#onetrust-pc-sdk .ot-accordion-layout h4~.ot-tgl,#onetrust-pc-sdk .ot-accordion-layout h4~.ot-always-active{position:absolute;top:50%;transform:translateY(-50%);right:20px}#onetrust-pc-sdk .ot-accordion-layout h4~.ot-tgl+.ot-tgl{right:95px}#onetrust-pc-sdk .ot-accordion-layout .category-vendors-list-handler,#onetrust-pc-sdk .ot-accordion-layout .category-vendors-list-handler+a{margin-top:5px}#onetrust-pc-sdk #ot-lst-cnt{margin-top:1rem;max-height:calc(100% - 96px)}#onetrust-pc-sdk #ot-lst-cnt .ot-vnd-info-cntr{border:1px solid #d8d8d8;padding:.75rem 2rem;padding-bottom:0;width:auto;margin-top:.5rem}#onetrust-pc-sdk #ot-lst-cnt .ot-vnd-info{margin-bottom:1rem;padding-left:.75rem;padding-right:.75rem;display:flex;flex-direction:column}#onetrust-pc-sdk #ot-lst-cnt .ot-vnd-info[data-vnd-info-key*=DPOEmail]{border-top:1px solid #d8d8d8;padding-top:1rem}#onetrust-pc-sdk #ot-lst-cnt .ot-vnd-info[data-vnd-info-key*=DPOLink]{border-bottom:1px solid #d8d8d8;padding-bottom:1rem}#onetrust-pc-sdk #ot-lst-cnt .ot-vnd-info .ot-vnd-lbl{font-weight:bold;font-size:.85em;margin-bottom:.5rem}#onetrust-pc-sdk #ot-lst-cnt .ot-vnd-info .ot-vnd-cnt{margin-left:.5rem;font-weight:500;font-size:.85rem}#onetrust-pc-sdk .ot-vs-list,#onetrust-pc-sdk .ot-vnd-serv{width:auto;padding:1rem 1.25rem;padding-bottom:0}#onetrust-pc-sdk .ot-vs-list .ot-vnd-serv-hdr-cntr,#onetrust-pc-sdk .ot-vnd-serv .ot-vnd-serv-hdr-cntr{padding-bottom:.75rem;border-bottom:1px solid #d8d8d8}#onetrust-pc-sdk .ot-vs-list .ot-vnd-serv-hdr-cntr .ot-vnd-serv-hdr,#onetrust-pc-sdk .ot-vnd-serv .ot-vnd-serv-hdr-cntr .ot-vnd-serv-hdr{font-weight:600;font-size:.95em;line-height:2;margin-left:.5rem}#onetrust-pc-sdk .ot-vs-list .ot-vnd-item,#onetrust-pc-sdk .ot-vnd-serv .ot-vnd-item{border:none;margin:0;padding:0}#onetrust-pc-sdk .ot-vs-list .ot-vnd-item button,#onetrust-pc-sdk .ot-vnd-serv .ot-vnd-item button{outline:none;border-bottom:1px solid #d8d8d8}#onetrust-pc-sdk .ot-vs-list .ot-vnd-item button[aria-expanded=true],#onetrust-pc-sdk .ot-vnd-serv .ot-vnd-item button[aria-expanded=true]{border-bottom:none}#onetrust-pc-sdk .ot-vs-list .ot-vnd-item:first-child,#onetrust-pc-sdk .ot-vnd-serv .ot-vnd-item:first-child{margin-top:.25rem;border-top:unset}#onetrust-pc-sdk .ot-vs-list .ot-vnd-item:last-child,#onetrust-pc-sdk .ot-vnd-serv .ot-vnd-item:last-child{margin-bottom:.5rem}#onetrust-pc-sdk .ot-vs-list .ot-vnd-item:last-child button,#onetrust-pc-sdk .ot-vnd-serv .ot-vnd-item:last-child button{border-bottom:none}#onetrust-pc-sdk .ot-vs-list .ot-vnd-item .ot-vnd-info-cntr,#onetrust-pc-sdk .ot-vnd-serv .ot-vnd-item .ot-vnd-info-cntr{border:1px solid #d8d8d8;padding:.75rem 1.75rem;padding-bottom:0;width:auto;margin-top:.5rem}#onetrust-pc-sdk .ot-vs-list .ot-vnd-item .ot-vnd-info,#onetrust-pc-sdk .ot-vnd-serv .ot-vnd-item .ot-vnd-info{margin-bottom:1rem;padding-left:.75rem;padding-right:.75rem;display:flex;flex-direction:column}#onetrust-pc-sdk .ot-vs-list .ot-vnd-item .ot-vnd-info[data-vnd-info-key*=DPOEmail],#onetrust-pc-sdk .ot-vnd-serv .ot-vnd-item .ot-vnd-info[data-vnd-info-key*=DPOEmail]{border-top:1px solid #d8d8d8;padding-top:1rem}#onetrust-pc-sdk .ot-vs-list .ot-vnd-item .ot-vnd-info[data-vnd-info-key*=DPOLink],#onetrust-pc-sdk .ot-vnd-serv .ot-vnd-item .ot-vnd-info[data-vnd-info-key*=DPOLink]{border-bottom:1px solid #d8d8d8;padding-bottom:1rem}#onetrust-pc-sdk .ot-vs-list .ot-vnd-item .ot-vnd-info .ot-vnd-lbl,#onetrust-pc-sdk .ot-vnd-serv .ot-vnd-item .ot-vnd-info .ot-vnd-lbl{font-weight:bold;font-size:.85em;margin-bottom:.5rem}#onetrust-pc-sdk .ot-vs-list .ot-vnd-item .ot-vnd-info .ot-vnd-cnt,#onetrust-pc-sdk .ot-vnd-serv .ot-vnd-item .ot-vnd-info .ot-vnd-cnt{margin-left:.5rem;font-weight:500;font-size:.85rem}#onetrust-pc-sdk .ot-vs-list.ot-vnd-subgrp-cnt,#onetrust-pc-sdk .ot-vnd-serv.ot-vnd-subgrp-cnt{padding-left:40px}#onetrust-pc-sdk .ot-vs-list.ot-vnd-subgrp-cnt .ot-vnd-serv-hdr-cntr .ot-vnd-serv-hdr,#onetrust-pc-sdk .ot-vnd-serv.ot-vnd-subgrp-cnt .ot-vnd-serv-hdr-cntr .ot-vnd-serv-hdr{font-size:.8em}#onetrust-pc-sdk .ot-vs-list.ot-vnd-subgrp-cnt .ot-cat-header,#onetrust-pc-sdk .ot-vnd-serv.ot-vnd-subgrp-cnt .ot-cat-header{font-size:.8em}#onetrust-pc-sdk .ot-subgrp-cntr .ot-vnd-serv{margin-bottom:1rem;padding:1rem .95rem}#onetrust-pc-sdk .ot-subgrp-cntr .ot-vnd-serv .ot-vnd-serv-hdr-cntr{padding-bottom:.75rem;border-bottom:1px solid #d8d8d8}#onetrust-pc-sdk .ot-subgrp-cntr .ot-vnd-serv .ot-vnd-serv-hdr-cntr .ot-vnd-serv-hdr{font-weight:700;font-size:.8em;line-height:20px;margin-left:.82rem}#onetrust-pc-sdk .ot-subgrp-cntr .ot-cat-header{font-weight:700;font-size:.8em;line-height:20px}#onetrust-pc-sdk .ot-subgrp-cntr ul.ot-subgrps .ot-vnd-serv .ot-vnd-lst-cont .ot-accordion-layout .ot-acc-hdr div.ot-chkbox{margin-left:.82rem}#onetrust-pc-sdk .ot-vs-config .ot-acc-hdr,#onetrust-pc-sdk ul.ot-subgrps .ot-acc-hdr,#onetrust-pc-sdk .ot-subgrp-cntr ul.ot-subgrps .ot-acc-hdr,#onetrust-pc-sdk .ot-vs-list .ot-vnd-item .ot-acc-hdr,#onetrust-pc-sdk .ot-vnd-serv .ot-vnd-item .ot-acc-hdr,#onetrust-pc-sdk #ot-pc-lst .ot-vs-list .ot-vnd-item .ot-acc-hdr,#onetrust-pc-sdk .ot-accordion-layout.ot-checkbox-consent .ot-acc-hdr{padding:.7rem 0;margin:0;display:flex;width:100%;align-items:center;justify-content:space-between}#onetrust-pc-sdk .ot-vs-config .ot-acc-hdr div:first-child,#onetrust-pc-sdk ul.ot-subgrps .ot-acc-hdr div:first-child,#onetrust-pc-sdk .ot-subgrp-cntr ul.ot-subgrps .ot-acc-hdr div:first-child,#onetrust-pc-sdk .ot-vs-list .ot-vnd-item .ot-acc-hdr div:first-child,#onetrust-pc-sdk .ot-vnd-serv .ot-vnd-item .ot-acc-hdr div:first-child,#onetrust-pc-sdk #ot-pc-lst .ot-vs-list .ot-vnd-item .ot-acc-hdr div:first-child,#onetrust-pc-sdk .ot-accordion-layout.ot-checkbox-consent .ot-acc-hdr div:first-child{margin-left:.5rem}#onetrust-pc-sdk .ot-vs-config .ot-acc-hdr div:last-child,#onetrust-pc-sdk ul.ot-subgrps .ot-acc-hdr div:last-child,#onetrust-pc-sdk .ot-subgrp-cntr ul.ot-subgrps .ot-acc-hdr div:last-child,#onetrust-pc-sdk .ot-vs-list .ot-vnd-item .ot-acc-hdr div:last-child,#onetrust-pc-sdk .ot-vnd-serv .ot-vnd-item .ot-acc-hdr div:last-child,#onetrust-pc-sdk #ot-pc-lst .ot-vs-list .ot-vnd-item .ot-acc-hdr div:last-child,#onetrust-pc-sdk .ot-accordion-layout.ot-checkbox-consent .ot-acc-hdr div:last-child{margin-right:.5rem;margin-left:.5rem}#onetrust-pc-sdk .ot-vs-config .ot-acc-hdr .ot-always-active,#onetrust-pc-sdk ul.ot-subgrps .ot-acc-hdr .ot-always-active,#onetrust-pc-sdk .ot-subgrp-cntr ul.ot-subgrps .ot-acc-hdr .ot-always-active,#onetrust-pc-sdk .ot-vs-list .ot-vnd-item .ot-acc-hdr .ot-always-active,#onetrust-pc-sdk .ot-vnd-serv .ot-vnd-item .ot-acc-hdr .ot-always-active,#onetrust-pc-sdk #ot-pc-lst .ot-vs-list .ot-vnd-item .ot-acc-hdr .ot-always-active,#onetrust-pc-sdk .ot-accordion-layout.ot-checkbox-consent .ot-acc-hdr .ot-always-active{position:relative;right:unset;top:unset;transform:unset}#onetrust-pc-sdk .ot-vs-config .ot-acc-hdr .ot-plus-minus,#onetrust-pc-sdk ul.ot-subgrps .ot-acc-hdr .ot-plus-minus,#onetrust-pc-sdk .ot-subgrp-cntr ul.ot-subgrps .ot-acc-hdr .ot-plus-minus,#onetrust-pc-sdk .ot-vs-list .ot-vnd-item .ot-acc-hdr .ot-plus-minus,#onetrust-pc-sdk .ot-vnd-serv .ot-vnd-item .ot-acc-hdr .ot-plus-minus,#onetrust-pc-sdk #ot-pc-lst .ot-vs-list .ot-vnd-item .ot-acc-hdr .ot-plus-minus,#onetrust-pc-sdk .ot-accordion-layout.ot-checkbox-consent .ot-acc-hdr .ot-plus-minus{top:0}#onetrust-pc-sdk .ot-vs-config .ot-acc-hdr .ot-arw-cntr,#onetrust-pc-sdk ul.ot-subgrps .ot-acc-hdr .ot-arw-cntr,#onetrust-pc-sdk .ot-subgrp-cntr ul.ot-subgrps .ot-acc-hdr .ot-arw-cntr,#onetrust-pc-sdk .ot-vs-list .ot-vnd-item .ot-acc-hdr .ot-arw-cntr,#onetrust-pc-sdk .ot-vnd-serv .ot-vnd-item .ot-acc-hdr .ot-arw-cntr,#onetrust-pc-sdk #ot-pc-lst .ot-vs-list .ot-vnd-item .ot-acc-hdr .ot-arw-cntr,#onetrust-pc-sdk .ot-accordion-layout.ot-checkbox-consent .ot-acc-hdr .ot-arw-cntr{float:none;top:unset;right:unset;transform:unset;margin-top:-2px;position:relative}#onetrust-pc-sdk .ot-vs-config .ot-acc-hdr .ot-cat-header,#onetrust-pc-sdk ul.ot-subgrps .ot-acc-hdr .ot-cat-header,#onetrust-pc-sdk .ot-subgrp-cntr ul.ot-subgrps .ot-acc-hdr .ot-cat-header,#onetrust-pc-sdk .ot-vs-list .ot-vnd-item .ot-acc-hdr .ot-cat-header,#onetrust-pc-sdk .ot-vnd-serv .ot-vnd-item .ot-acc-hdr .ot-cat-header,#onetrust-pc-sdk #ot-pc-lst .ot-vs-list .ot-vnd-item .ot-acc-hdr .ot-cat-header,#onetrust-pc-sdk .ot-accordion-layout.ot-checkbox-consent .ot-acc-hdr .ot-cat-header{flex:1;margin:0 .5rem}#onetrust-pc-sdk .ot-vs-config .ot-acc-hdr .ot-tgl,#onetrust-pc-sdk ul.ot-subgrps .ot-acc-hdr .ot-tgl,#onetrust-pc-sdk .ot-subgrp-cntr ul.ot-subgrps .ot-acc-hdr .ot-tgl,#onetrust-pc-sdk .ot-vs-list .ot-vnd-item .ot-acc-hdr .ot-tgl,#onetrust-pc-sdk .ot-vnd-serv .ot-vnd-item .ot-acc-hdr .ot-tgl,#onetrust-pc-sdk #ot-pc-lst .ot-vs-list .ot-vnd-item .ot-acc-hdr .ot-tgl,#onetrust-pc-sdk .ot-accordion-layout.ot-checkbox-consent .ot-acc-hdr .ot-tgl{position:relative;transform:none;right:0;top:0;float:none}#onetrust-pc-sdk .ot-vs-config .ot-acc-hdr .ot-chkbox,#onetrust-pc-sdk ul.ot-subgrps .ot-acc-hdr .ot-chkbox,#onetrust-pc-sdk .ot-subgrp-cntr ul.ot-subgrps .ot-acc-hdr .ot-chkbox,#onetrust-pc-sdk .ot-vs-list .ot-vnd-item .ot-acc-hdr .ot-chkbox,#onetrust-pc-sdk .ot-vnd-serv .ot-vnd-item .ot-acc-hdr .ot-chkbox,#onetrust-pc-sdk #ot-pc-lst .ot-vs-list .ot-vnd-item .ot-acc-hdr .ot-chkbox,#onetrust-pc-sdk .ot-accordion-layout.ot-checkbox-consent .ot-acc-hdr .ot-chkbox{position:relative;margin:0 .5rem}#onetrust-pc-sdk .ot-vs-config .ot-acc-hdr .ot-chkbox label,#onetrust-pc-sdk ul.ot-subgrps .ot-acc-hdr .ot-chkbox label,#onetrust-pc-sdk .ot-subgrp-cntr ul.ot-subgrps .ot-acc-hdr .ot-chkbox label,#onetrust-pc-sdk .ot-vs-list .ot-vnd-item .ot-acc-hdr .ot-chkbox label,#onetrust-pc-sdk .ot-vnd-serv .ot-vnd-item .ot-acc-hdr .ot-chkbox label,#onetrust-pc-sdk #ot-pc-lst .ot-vs-list .ot-vnd-item .ot-acc-hdr .ot-chkbox label,#onetrust-pc-sdk .ot-accordion-layout.ot-checkbox-consent .ot-acc-hdr .ot-chkbox label{padding:0}#onetrust-pc-sdk .ot-vs-config .ot-acc-hdr .ot-chkbox label::before,#onetrust-pc-sdk ul.ot-subgrps .ot-acc-hdr .ot-chkbox label::before,#onetrust-pc-sdk .ot-subgrp-cntr ul.ot-subgrps .ot-acc-hdr .ot-chkbox label::before,#onetrust-pc-sdk .ot-vs-list .ot-vnd-item .ot-acc-hdr .ot-chkbox label::before,#onetrust-pc-sdk .ot-vnd-serv .ot-vnd-item .ot-acc-hdr .ot-chkbox label::before,#onetrust-pc-sdk #ot-pc-lst .ot-vs-list .ot-vnd-item .ot-acc-hdr .ot-chkbox label::before,#onetrust-pc-sdk .ot-accordion-layout.ot-checkbox-consent .ot-acc-hdr .ot-chkbox label::before{position:relative}#onetrust-pc-sdk .ot-vs-config .ot-acc-hdr .ot-chkbox input,#onetrust-pc-sdk ul.ot-subgrps .ot-acc-hdr .ot-chkbox input,#onetrust-pc-sdk .ot-subgrp-cntr ul.ot-subgrps .ot-acc-hdr .ot-chkbox input,#onetrust-pc-sdk .ot-vs-list .ot-vnd-item .ot-acc-hdr .ot-chkbox input,#onetrust-pc-sdk .ot-vnd-serv .ot-vnd-item .ot-acc-hdr .ot-chkbox input,#onetrust-pc-sdk #ot-pc-lst .ot-vs-list .ot-vnd-item .ot-acc-hdr .ot-chkbox input,#onetrust-pc-sdk .ot-accordion-layout.ot-checkbox-consent .ot-acc-hdr .ot-chkbox input{position:absolute;cursor:pointer;width:100%;height:100%;opacity:0;margin:0;top:0;left:0;z-index:1}#onetrust-pc-sdk .ot-subgrp-cntr ul.ot-subgrps li.ot-subgrp .ot-acc-hdr h5.ot-cat-header,#onetrust-pc-sdk .ot-subgrp-cntr ul.ot-subgrps li.ot-subgrp .ot-acc-hdr h4.ot-cat-header{margin:0}#onetrust-pc-sdk .ot-vs-config .ot-subgrp-cntr ul.ot-subgrps li.ot-subgrp h5{top:0;line-height:20px}#onetrust-pc-sdk .ot-vs-list{display:flex;flex-direction:column;padding:0;margin:.5rem 4px}#onetrust-pc-sdk .ot-vs-selc-all{display:flex;padding:0;float:unset;align-items:center;justify-content:flex-start}#onetrust-pc-sdk .ot-vs-selc-all.ot-toggle-conf{justify-content:flex-end}#onetrust-pc-sdk .ot-vs-selc-all.ot-toggle-conf.ot-caret-conf .ot-sel-all-chkbox{margin-right:48px}#onetrust-pc-sdk .ot-vs-selc-all.ot-toggle-conf .ot-sel-all-chkbox{margin:0;padding:0;margin-right:14px;justify-content:flex-end}#onetrust-pc-sdk .ot-vs-selc-all.ot-toggle-conf #ot-selall-vencntr.ot-chkbox,#onetrust-pc-sdk .ot-vs-selc-all.ot-toggle-conf #ot-selall-vencntr.ot-tgl{display:inline-block;right:unset;width:auto;height:auto;float:none}#onetrust-pc-sdk .ot-vs-selc-all.ot-toggle-conf #ot-selall-vencntr label{width:45px;height:25px}#onetrust-pc-sdk .ot-vs-selc-all .ot-sel-all-chkbox{margin-right:11px;margin-left:.75rem;display:flex;align-items:center}#onetrust-pc-sdk .ot-vs-selc-all .sel-all-hdr{margin:0 1.25rem;font-size:.812em;line-height:normal;text-align:center;word-break:break-word;word-wrap:break-word}#onetrust-pc-sdk .ot-vnd-list-cnt #ot-selall-vencntr.ot-chkbox{float:unset;right:0}#onetrust-pc-sdk[dir=rtl] #ot-back-arw,#onetrust-pc-sdk[dir=rtl] input~.ot-acc-hdr .ot-arw{transform:rotate(180deg);-o-transform:rotate(180deg);-ms-transform:rotate(180deg);-webkit-transform:rotate(180deg)}#onetrust-pc-sdk[dir=rtl] input:checked~.ot-acc-hdr .ot-arw{transform:rotate(270deg);-o-transform:rotate(270deg);-ms-transform:rotate(270deg);-webkit-transform:rotate(270deg)}#onetrust-pc-sdk[dir=rtl] .ot-chkbox label::after{transform:rotate(45deg);-webkit-transform:rotate(45deg);-o-transform:rotate(45deg);-ms-transform:rotate(45deg);border-left:0;border-right:3px solid}#onetrust-pc-sdk[dir=rtl] .ot-search-cntr>svg{right:0}@media only screen and (max-width: 600px){#onetrust-pc-sdk.otPcCenter{left:0;min-width:100%;height:100%;top:0;border-radius:0}#onetrust-pc-sdk #ot-pc-content,#onetrust-pc-sdk.ot-ftr-stacked .ot-btn-container{margin:1px 3px 0 10px;padding-right:10px;width:calc(100% - 23px)}#onetrust-pc-sdk .ot-btn-container button{max-width:none;letter-spacing:.01em}#onetrust-pc-sdk #close-pc-btn-handler{top:10px;right:17px}#onetrust-pc-sdk p{font-size:.7em}#onetrust-pc-sdk #ot-pc-hdr{margin:10px 10px 0 5px;width:calc(100% - 15px)}#onetrust-pc-sdk .vendor-search-handler{font-size:1em}#onetrust-pc-sdk #ot-back-arw{margin-left:12px}#onetrust-pc-sdk #ot-lst-cnt{margin:0;padding:0 5px 0 10px;min-width:95%}#onetrust-pc-sdk .switch+p{max-width:80%}#onetrust-pc-sdk .ot-ftr-stacked button{width:100%}#onetrust-pc-sdk #ot-fltr-cnt{max-width:320px;width:90%;border-top-right-radius:0;border-bottom-right-radius:0;margin:0;margin-left:15px;left:auto;right:40px;top:85px}#onetrust-pc-sdk .ot-fltr-opt{margin-left:25px;margin-bottom:10px}#onetrust-pc-sdk .ot-pc-refuse-all-handler{margin-bottom:0}#onetrust-pc-sdk #ot-fltr-cnt{right:40px}}@media only screen and (max-width: 476px){#onetrust-pc-sdk .ot-fltr-cntr,#onetrust-pc-sdk #ot-fltr-cnt{right:10px}#onetrust-pc-sdk #ot-anchor{right:25px}#onetrust-pc-sdk button{width:100%}#onetrust-pc-sdk:not(.ot-addtl-vendors) #ot-pc-lst:not(.ot-enbl-chr) .ot-sel-all{padding-right:9px}#onetrust-pc-sdk:not(.ot-addtl-vendors) #ot-pc-lst:not(.ot-enbl-chr) .ot-tgl-cntr{right:0}}@media only screen and (max-width: 896px)and (max-height: 425px)and (orientation: landscape){#onetrust-pc-sdk.otPcCenter{left:0;top:0;min-width:100%;height:100%;border-radius:0}#onetrust-pc-sdk #ot-anchor{left:initial;right:50px}#onetrust-pc-sdk #ot-lst-title{margin-top:12px}#onetrust-pc-sdk #ot-lst-title *{font-size:inherit}#onetrust-pc-sdk #ot-pc-hdr input{margin-right:0;padding-right:45px}#onetrust-pc-sdk .switch+p{max-width:85%}#onetrust-pc-sdk #ot-sel-blk{position:static}#onetrust-pc-sdk #ot-pc-lst{overflow:auto}#onetrust-pc-sdk #ot-lst-cnt{max-height:none;overflow:initial}#onetrust-pc-sdk #ot-lst-cnt.no-results{height:auto}#onetrust-pc-sdk input{font-size:1em !important}#onetrust-pc-sdk p{font-size:.6em}#onetrust-pc-sdk #ot-fltr-modal{width:100%;top:0}#onetrust-pc-sdk ul li p,#onetrust-pc-sdk .category-vendors-list-handler,#onetrust-pc-sdk .category-vendors-list-handler+a,#onetrust-pc-sdk .category-host-list-handler{font-size:.6em}#onetrust-pc-sdk.ot-shw-fltr #ot-anchor{display:none !important}#onetrust-pc-sdk.ot-shw-fltr #ot-pc-lst{height:100% !important;overflow:hidden;top:0px}#onetrust-pc-sdk.ot-shw-fltr #ot-fltr-cnt{margin:0;height:100%;max-height:none;padding:10px;top:0;width:calc(100% - 20px);position:absolute;right:0;left:0;max-width:none}#onetrust-pc-sdk.ot-shw-fltr .ot-fltr-scrlcnt{max-height:calc(100% - 65px)}}
            #onetrust-consent-sdk #onetrust-pc-sdk,
                #onetrust-consent-sdk #ot-search-cntr,
                #onetrust-consent-sdk #onetrust-pc-sdk .ot-switch.ot-toggle,
                #onetrust-consent-sdk #onetrust-pc-sdk ot-grp-hdr1 .checkbox,
                #onetrust-consent-sdk #onetrust-pc-sdk #ot-pc-title:after
                ,#onetrust-consent-sdk #onetrust-pc-sdk #ot-sel-blk,
                        #onetrust-consent-sdk #onetrust-pc-sdk #ot-fltr-cnt,
                        #onetrust-consent-sdk #onetrust-pc-sdk #ot-anchor {
                    background-color: #FFFFFF;
                }
               
            #onetrust-consent-sdk #onetrust-pc-sdk h3,
                #onetrust-consent-sdk #onetrust-pc-sdk h4,
                #onetrust-consent-sdk #onetrust-pc-sdk h5,
                #onetrust-consent-sdk #onetrust-pc-sdk h6,
                #onetrust-consent-sdk #onetrust-pc-sdk p,
                #onetrust-consent-sdk #onetrust-pc-sdk #ot-ven-lst .ot-ven-opts p,
                #onetrust-consent-sdk #onetrust-pc-sdk #ot-pc-desc,
                #onetrust-consent-sdk #onetrust-pc-sdk #ot-pc-title,
                #onetrust-consent-sdk #onetrust-pc-sdk .ot-li-title,
                #onetrust-consent-sdk #onetrust-pc-sdk .ot-sel-all-hdr span,
                #onetrust-consent-sdk #onetrust-pc-sdk #ot-host-lst .ot-host-info,
                #onetrust-consent-sdk #onetrust-pc-sdk #ot-fltr-modal #modal-header,
                #onetrust-consent-sdk #onetrust-pc-sdk .ot-checkbox label span,
                #onetrust-consent-sdk #onetrust-pc-sdk #ot-pc-lst #ot-sel-blk p,
                #onetrust-consent-sdk #onetrust-pc-sdk #ot-pc-lst #ot-lst-title h3,
                #onetrust-consent-sdk #onetrust-pc-sdk #ot-pc-lst .back-btn-handler p,
                #onetrust-consent-sdk #onetrust-pc-sdk #ot-pc-lst .ot-ven-name,
                #onetrust-consent-sdk #onetrust-pc-sdk #ot-pc-lst #ot-ven-lst .consent-category,
                #onetrust-consent-sdk #onetrust-pc-sdk .ot-leg-btn-container .ot-inactive-leg-btn,
                #onetrust-consent-sdk #onetrust-pc-sdk .ot-label-status,
                #onetrust-consent-sdk #onetrust-pc-sdk .ot-chkbox label span,
                #onetrust-consent-sdk #onetrust-pc-sdk #clear-filters-handler,
                #onetrust-consent-sdk #onetrust-pc-sdk .ot-optout-signal
                {
                    color: #696969;
                }
             #onetrust-consent-sdk #onetrust-pc-sdk .privacy-notice-link,
                    #onetrust-consent-sdk #onetrust-pc-sdk .ot-pgph-link,
                    #onetrust-consent-sdk #onetrust-pc-sdk .category-vendors-list-handler,
                    #onetrust-consent-sdk #onetrust-pc-sdk .category-vendors-list-handler + a,
                    #onetrust-consent-sdk #onetrust-pc-sdk .category-host-list-handler,
                    #onetrust-consent-sdk #onetrust-pc-sdk .ot-ven-link,
                    #onetrust-consent-sdk #onetrust-pc-sdk .ot-ven-legclaim-link,
                    #onetrust-consent-sdk #onetrust-pc-sdk #ot-host-lst .ot-host-name a,
                    #onetrust-consent-sdk #onetrust-pc-sdk #ot-host-lst .ot-acc-hdr .ot-host-expand,
                    #onetrust-consent-sdk #onetrust-pc-sdk #ot-host-lst .ot-host-info a,
                    #onetrust-consent-sdk #onetrust-pc-sdk #ot-pc-content #ot-pc-desc .ot-link-btn,
                    #onetrust-consent-sdk #onetrust-pc-sdk .ot-vnd-serv .ot-vnd-item .ot-vnd-info a,
                    #onetrust-consent-sdk #onetrust-pc-sdk #ot-lst-cnt .ot-vnd-info a
                    {
                        color: #3860BE;
                    }
            #onetrust-consent-sdk #onetrust-pc-sdk .category-vendors-list-handler:hover { text-decoration: underline;}
            #onetrust-consent-sdk #onetrust-pc-sdk .ot-acc-grpcntr.ot-acc-txt,
            #onetrust-consent-sdk #onetrust-pc-sdk .ot-acc-txt .ot-subgrp-tgl .ot-switch.ot-toggle
             {
                background-color: #F8F8F8;
            }
             #onetrust-consent-sdk #onetrust-pc-sdk #ot-host-lst .ot-host-info,
                    #onetrust-consent-sdk #onetrust-pc-sdk .ot-acc-txt .ot-ven-dets
                            {
                                background-color: #F8F8F8;
                            }
        #onetrust-consent-sdk #onetrust-pc-sdk
            button:not(#clear-filters-handler):not(.ot-close-icon):not(#filter-btn-handler):not(.ot-remove-objection-handler):not(.ot-obj-leg-btn-handler):not([aria-expanded]):not(.ot-link-btn),
            #onetrust-consent-sdk #onetrust-pc-sdk .ot-leg-btn-container .ot-active-leg-btn {
                background-color: #c8030f;border-color: #c8030f;
                color: #FFFFFF;
            }
            #onetrust-consent-sdk #onetrust-pc-sdk .ot-active-menu {
                border-color: #c8030f;
            }
            
            #onetrust-consent-sdk #onetrust-pc-sdk .ot-leg-btn-container .ot-remove-objection-handler{
                background-color: transparent;
                border: 1px solid transparent;
            }
            #onetrust-consent-sdk #onetrust-pc-sdk .ot-leg-btn-container .ot-inactive-leg-btn {
                background-color: #FFFFFF;
                color: #78808E; border-color: #78808E;
            }
            #onetrust-consent-sdk #onetrust-pc-sdk .ot-tgl input:focus + .ot-switch, .ot-switch .ot-switch-nob, .ot-switch .ot-switch-nob:before,
            #onetrust-pc-sdk .ot-checkbox input[type="checkbox"]:focus + label::before,
            #onetrust-pc-sdk .ot-chkbox input[type="checkbox"]:focus + label::before {
                outline-color: #000000;
                outline-width: 1px;
            }
            #onetrust-pc-sdk .ot-host-item > button:focus, #onetrust-pc-sdk .ot-ven-item > button:focus {
                border: 1px solid #000000;
            }
            #onetrust-consent-sdk #onetrust-pc-sdk *:focus,
            #onetrust-consent-sdk #onetrust-pc-sdk .ot-vlst-cntr > a:focus {
               outline: 1px solid #000000;
            }#onetrust-pc-sdk .ot-vlst-cntr .ot-ext-lnk,  #onetrust-pc-sdk .ot-ven-hdr .ot-ext-lnk{
                    background-image: url('https://cdn.cookielaw.org/logos/static/ot_external_link.svg');
                }
            .ot-pc-footer-logo {
display: none !important;
}
.ot-ven-hdr h3 {
  font-size: .99em !important;
}
.ot-ven-link, .ot-ven-legclaim-link {
    font-size: .99em !important;
}
.ot-host-info {
font-size: 1em !important;
}
.ot-floating-button {
display: none !important;
}
.ot-acc-txt h4 {
    font-size: .99em !important;
}
.ot-acc-txt p {
    font-size: .99em !important; 
}.ot-sdk-cookie-policy{font-family:inherit;font-size:16px}.ot-sdk-cookie-policy.otRelFont{font-size:1rem}.ot-sdk-cookie-policy h3,.ot-sdk-cookie-policy h4,.ot-sdk-cookie-policy h6,.ot-sdk-cookie-policy p,.ot-sdk-cookie-policy li,.ot-sdk-cookie-policy a,.ot-sdk-cookie-policy th,.ot-sdk-cookie-policy #cookie-policy-description,.ot-sdk-cookie-policy .ot-sdk-cookie-policy-group,.ot-sdk-cookie-policy #cookie-policy-title{color:dimgray}.ot-sdk-cookie-policy #cookie-policy-description{margin-bottom:1em}.ot-sdk-cookie-policy h4{font-size:1.2em}.ot-sdk-cookie-policy h6{font-size:1em;margin-top:2em}.ot-sdk-cookie-policy th{min-width:75px}.ot-sdk-cookie-policy a,.ot-sdk-cookie-policy a:hover{background:#fff}.ot-sdk-cookie-policy thead{background-color:#f6f6f4;font-weight:bold}.ot-sdk-cookie-policy .ot-mobile-border{display:none}.ot-sdk-cookie-policy section{margin-bottom:2em}.ot-sdk-cookie-policy table{border-collapse:inherit}#ot-sdk-cookie-policy-v2.ot-sdk-cookie-policy{font-family:inherit;font-size:1rem}#ot-sdk-cookie-policy-v2.ot-sdk-cookie-policy h3,#ot-sdk-cookie-policy-v2.ot-sdk-cookie-policy h4,#ot-sdk-cookie-policy-v2.ot-sdk-cookie-policy h6,#ot-sdk-cookie-policy-v2.ot-sdk-cookie-policy p,#ot-sdk-cookie-policy-v2.ot-sdk-cookie-policy li,#ot-sdk-cookie-policy-v2.ot-sdk-cookie-policy a,#ot-sdk-cookie-policy-v2.ot-sdk-cookie-policy th,#ot-sdk-cookie-policy-v2.ot-sdk-cookie-policy #cookie-policy-description,#ot-sdk-cookie-policy-v2.ot-sdk-cookie-policy .ot-sdk-cookie-policy-group,#ot-sdk-cookie-policy-v2.ot-sdk-cookie-policy #cookie-policy-title{color:dimgray}#ot-sdk-cookie-policy-v2.ot-sdk-cookie-policy #cookie-policy-description{margin-bottom:1em}#ot-sdk-cookie-policy-v2.ot-sdk-cookie-policy .ot-sdk-subgroup{margin-left:1.5em}#ot-sdk-cookie-policy-v2.ot-sdk-cookie-policy #cookie-policy-description,#ot-sdk-cookie-policy-v2.ot-sdk-cookie-policy .ot-sdk-cookie-policy-group-desc,#ot-sdk-cookie-policy-v2.ot-sdk-cookie-policy .ot-table-header,#ot-sdk-cookie-policy-v2.ot-sdk-cookie-policy a,#ot-sdk-cookie-policy-v2.ot-sdk-cookie-policy span,#ot-sdk-cookie-policy-v2.ot-sdk-cookie-policy td{font-size:.9em}#ot-sdk-cookie-policy-v2.ot-sdk-cookie-policy td span,#ot-sdk-cookie-policy-v2.ot-sdk-cookie-policy td a{font-size:inherit}#ot-sdk-cookie-policy-v2.ot-sdk-cookie-policy .ot-sdk-cookie-policy-group{font-size:1em;margin-bottom:.6em}#ot-sdk-cookie-policy-v2.ot-sdk-cookie-policy .ot-sdk-cookie-policy-title{margin-bottom:1.2em}#ot-sdk-cookie-policy-v2.ot-sdk-cookie-policy>section{margin-bottom:1em}#ot-sdk-cookie-policy-v2.ot-sdk-cookie-policy th{min-width:75px}#ot-sdk-cookie-policy-v2.ot-sdk-cookie-policy a,#ot-sdk-cookie-policy-v2.ot-sdk-cookie-policy a:hover{background:#fff}#ot-sdk-cookie-policy-v2.ot-sdk-cookie-policy thead{background-color:#f6f6f4;font-weight:bold}#ot-sdk-cookie-policy-v2.ot-sdk-cookie-policy .ot-mobile-border{display:none}#ot-sdk-cookie-policy-v2.ot-sdk-cookie-policy section{margin-bottom:2em}#ot-sdk-cookie-policy-v2.ot-sdk-cookie-policy .ot-sdk-subgroup ul li{list-style:disc;margin-left:1.5em}#ot-sdk-cookie-policy-v2.ot-sdk-cookie-policy .ot-sdk-subgroup ul li h4{display:inline-block}#ot-sdk-cookie-policy-v2.ot-sdk-cookie-policy table{border-collapse:inherit;margin:auto;border:1px solid #d7d7d7;border-radius:5px;border-spacing:initial;width:100%;overflow:hidden}#ot-sdk-cookie-policy-v2.ot-sdk-cookie-policy table th,#ot-sdk-cookie-policy-v2.ot-sdk-cookie-policy table td{border-bottom:1px solid #d7d7d7;border-right:1px solid #d7d7d7}#ot-sdk-cookie-policy-v2.ot-sdk-cookie-policy table tr:last-child td{border-bottom:0px}#ot-sdk-cookie-policy-v2.ot-sdk-cookie-policy table tr th:last-child,#ot-sdk-cookie-policy-v2.ot-sdk-cookie-policy table tr td:last-child{border-right:0px}#ot-sdk-cookie-policy-v2.ot-sdk-cookie-policy table .ot-host,#ot-sdk-cookie-policy-v2.ot-sdk-cookie-policy table .ot-cookies-type{width:25%}.ot-sdk-cookie-policy[dir=rtl]{text-align:left}#ot-sdk-cookie-policy h3{font-size:1.5em}@media only screen and (max-width: 530px){.ot-sdk-cookie-policy:not(#ot-sdk-cookie-policy-v2) table,.ot-sdk-cookie-policy:not(#ot-sdk-cookie-policy-v2) thead,.ot-sdk-cookie-policy:not(#ot-sdk-cookie-policy-v2) tbody,.ot-sdk-cookie-policy:not(#ot-sdk-cookie-policy-v2) th,.ot-sdk-cookie-policy:not(#ot-sdk-cookie-policy-v2) td,.ot-sdk-cookie-policy:not(#ot-sdk-cookie-policy-v2) tr{display:block}.ot-sdk-cookie-policy:not(#ot-sdk-cookie-policy-v2) thead tr{position:absolute;top:-9999px;left:-9999px}.ot-sdk-cookie-policy:not(#ot-sdk-cookie-policy-v2) tr{margin:0 0 1em 0}.ot-sdk-cookie-policy:not(#ot-sdk-cookie-policy-v2) tr:nth-child(odd),.ot-sdk-cookie-policy:not(#ot-sdk-cookie-policy-v2) tr:nth-child(odd) a{background:#f6f6f4}.ot-sdk-cookie-policy:not(#ot-sdk-cookie-policy-v2) td{border:none;border-bottom:1px solid #eee;position:relative;padding-left:50%}.ot-sdk-cookie-policy:not(#ot-sdk-cookie-policy-v2) td:before{position:absolute;height:100%;left:6px;width:40%;padding-right:10px}.ot-sdk-cookie-policy:not(#ot-sdk-cookie-policy-v2) .ot-mobile-border{display:inline-block;background-color:#e4e4e4;position:absolute;height:100%;top:0;left:45%;width:2px}.ot-sdk-cookie-policy:not(#ot-sdk-cookie-policy-v2) td:before{content:attr(data-label);font-weight:bold}.ot-sdk-cookie-policy:not(#ot-sdk-cookie-policy-v2) li{word-break:break-word;word-wrap:break-word}#ot-sdk-cookie-policy-v2.ot-sdk-cookie-policy table{overflow:hidden}#ot-sdk-cookie-policy-v2.ot-sdk-cookie-policy table td{border:none;border-bottom:1px solid #d7d7d7}#ot-sdk-cookie-policy-v2.ot-sdk-cookie-policy table,#ot-sdk-cookie-policy-v2.ot-sdk-cookie-policy thead,#ot-sdk-cookie-policy-v2.ot-sdk-cookie-policy tbody,#ot-sdk-cookie-policy-v2.ot-sdk-cookie-policy th,#ot-sdk-cookie-policy-v2.ot-sdk-cookie-policy td,#ot-sdk-cookie-policy-v2.ot-sdk-cookie-policy tr{display:block}#ot-sdk-cookie-policy-v2.ot-sdk-cookie-policy table .ot-host,#ot-sdk-cookie-policy-v2.ot-sdk-cookie-policy table .ot-cookies-type{width:auto}#ot-sdk-cookie-policy-v2.ot-sdk-cookie-policy tr{margin:0 0 1em 0}#ot-sdk-cookie-policy-v2.ot-sdk-cookie-policy td:before{height:100%;width:40%;padding-right:10px}#ot-sdk-cookie-policy-v2.ot-sdk-cookie-policy td:before{content:attr(data-label);font-weight:bold}#ot-sdk-cookie-policy-v2.ot-sdk-cookie-policy li{word-break:break-word;word-wrap:break-word}#ot-sdk-cookie-policy-v2.ot-sdk-cookie-policy thead tr{position:absolute;top:-9999px;left:-9999px;z-index:-9999}#ot-sdk-cookie-policy-v2.ot-sdk-cookie-policy table tr:last-child td{border-bottom:1px solid #d7d7d7;border-right:0px}#ot-sdk-cookie-policy-v2.ot-sdk-cookie-policy table tr:last-child td:last-child{border-bottom:0px}}
                
                    #ot-sdk-cookie-policy-v2.ot-sdk-cookie-policy h5,
                    #ot-sdk-cookie-policy-v2.ot-sdk-cookie-policy h6,
                    #ot-sdk-cookie-policy-v2.ot-sdk-cookie-policy li,
                    #ot-sdk-cookie-policy-v2.ot-sdk-cookie-policy p,
                    #ot-sdk-cookie-policy-v2.ot-sdk-cookie-policy a,
                    #ot-sdk-cookie-policy-v2.ot-sdk-cookie-policy span,
                    #ot-sdk-cookie-policy-v2.ot-sdk-cookie-policy td,
                    #ot-sdk-cookie-policy-v2.ot-sdk-cookie-policy #cookie-policy-description {
                        color: #696969;
                    }
                    #ot-sdk-cookie-policy-v2.ot-sdk-cookie-policy th {
                        color: #696969;
                    }
                    #ot-sdk-cookie-policy-v2.ot-sdk-cookie-policy .ot-sdk-cookie-policy-group {
                        color: #696969;
                    }
                    
                    #ot-sdk-cookie-policy-v2.ot-sdk-cookie-policy #cookie-policy-title {
                            color: #696969;
                        }
                    
            
                    #ot-sdk-cookie-policy-v2.ot-sdk-cookie-policy table th {
                            background-color: #F8F8F8;
                        }
                    
            .ot-floating-button__front{background-image:url('https://cdn.cookielaw.org/logos/static/ot_persistent_cookie_icon.png')}#ot-sdk-btn-floating.ot-floating-button{position:fixed;bottom:10px;opacity:0;width:50px;height:50px;line-height:15px;cursor:pointer;background-color:rgba(0,0,0,0);transition:all 300ms ease;z-index:2147483646;animation:otFloatingBtnIntro 800ms ease 0ms 1 forwards}#ot-sdk-btn-floating.ot-floating-button.ot-hide{display:none}#ot-sdk-btn-floating.ot-floating-button::before,#ot-sdk-btn-floating.ot-floating-button::after{text-transform:none;line-height:1;user-select:none;pointer-events:none;position:absolute;transform:scale(0);opacity:0;transition:all 300ms ease;display:block;height:auto}#ot-sdk-btn-floating.ot-floating-button::before{content:"";border:5px solid rgba(0,0,0,0);z-index:1001;top:50%;border-left-width:0;border-right-color:#333;right:calc(0em - 5px);transform:translate(10px, -50%)}#ot-sdk-btn-floating.ot-floating-button::after{content:attr(title);position:absolute;text-align:center;top:50%;left:calc(100% + 5px);transform:translate(10px, -50%);font-size:.75rem;min-width:3em;max-width:21em;white-space:nowrap;overflow:hidden;text-overflow:ellipsis;padding:5px;border-radius:.3ch;box-shadow:0 1em 2em -0.5em rgba(0,0,0,.35);background:#333;color:#fff;z-index:2147483645}#ot-sdk-btn-floating.ot-floating-button:hover::before,#ot-sdk-btn-floating.ot-floating-button:hover::after{opacity:1}#ot-sdk-btn-floating.ot-floating-button:hover::before{transform:translate(0.5em, -50%) scale(1)}#ot-sdk-btn-floating.ot-floating-button:hover::after{transform:translate(0.5em, -50%) scale(1)}#ot-sdk-btn-floating.ot-floating-button.ot-pc-open .ot-floating-button__front{transform:rotateY(-180deg)}#ot-sdk-btn-floating.ot-floating-button.ot-pc-open .ot-floating-button__back{transform:rotateY(0)}#ot-sdk-btn-floating .ot-floating-button__front,#ot-sdk-btn-floating .ot-floating-button__back{position:absolute;width:100%;height:100%;-webkit-backface-visibility:hidden;backface-visibility:hidden;background-color:#6aaae4;border-radius:10px;box-shadow:0 4px 8px 0 rgba(0,0,0,.2);transition:transform .6s;transform-style:preserve-3d}#ot-sdk-btn-floating .ot-floating-button__front{background-color:#6aaae4;transform:rotateY(0)}#ot-sdk-btn-floating .ot-floating-button__front.custom-persistent-icon{background-position:center center;background-repeat:no-repeat;background-size:100%;border-radius:100px}#ot-sdk-btn-floating .ot-floating-button__front svg{width:30px;height:37px}#ot-sdk-btn-floating .ot-floating-button__back{background-color:#69c;transform:rotateY(-180deg)}#ot-sdk-btn-floating .ot-floating-button__back.custom-persistent-icon{background-position:center center;background-repeat:no-repeat;background-size:100%;border-radius:100px}#ot-sdk-btn-floating .ot-floating-button__back svg{width:24px;height:24px}#ot-sdk-btn-floating.ot-floating-button button{padding:0;background-color:rgba(0,0,0,0);border:0;width:100%;height:100%;cursor:pointer}@keyframes otFloatingBtnIntro{0%{opacity:0;left:-75px}100%{opacity:1;left:1%}}@keyframes otFloatingBtnImageIntro{0%{opacity:0;transform:scale(0) rotate(-270deg)}100%{opacity:100%;transform:scale(0.95) rotate(0deg)}}</style></head>
      <body><noscript><iframe src="https://www.googletagmanager.com/ns.html?id=GTM-N9J2VZR"height="0" width="0" style="display:none;visibility:hidden"></iframe></noscript>
        <div id="app"><div class="layout"><div class="content"><!--[--><div class="plp-view" data-test-id="plp-view" data-v-bf0fd08a=""><div data-test-id="header-component" class="plp-view__header-container" data-v-bf0fd08a=""><!--[--><div data-test-id="dia-header-component" class="dia-header" data-v-969db9f0=""><div class="dia-header__section dia-header__section--start" data-v-969db9f0=""><a data-test-id="header-logo" rel="external" href="https://www.dia.es/" class="header-logo dia-header__logo" data-v-969db9f0="" data-v-a0b5f86b=""><img class="header-logo__image" height="31" width="56" src="./dia_main_files/logo-dia.svg" alt="LogoDia" data-v-a0b5f86b=""></a><div class="dia-header__left-icons" data-v-969db9f0=""><!--[--><div class="category-button__mobile-container"><button data-test-id="mobile-category-button" class="category-button__mobile dia-icon-dehaze" aria-label="categories list menú button"></button></div><button data-test-id="desktop-category-button" type="button" aria-label="dissabled categories list menú button" class="category-button__disabled category-button dia-icon-dehaze"><p class="category-button__text--categories">Productos</p></button><!----><!--]--><!----></div><a rel="external" href="https://www.dia.es/cart" class="cart-button dia-header__cart-icon" data-test-id="cart-btn" data-v-969db9f0="" data-v-ca643d7c=""><div class="cart-button__content" data-v-ca643d7c=""><span class="dia-icon-Vector-1" data-test-id="cart-btn-icon" data-v-ca643d7c=""></span><p class="cart-button__text" data-test-id="cart-btn-text" data-v-ca643d7c="">0,00&nbsp;€</p></div></a></div><div class="dia-header__section dia-header__section--middle" style="max-height: 64px" data-v-969db9f0=""><div data-test-id="search-item" class="dia-search" type="submit" reduced-back-call="true" data-v-969db9f0="" data-v-0c1dd653=""><button class="dia-search__button" type="submit" aria-label="search-bar search button" data-v-0c1dd653=""><span class="dia-search__icon dia-icon-lupa" data-v-0c1dd653=""></span></button><div class="dia-search__input-icon dia-search__input-icon" data-v-0c1dd653=""><input value="" data-test-id="search-input-item" aria-label="search bar input" class="dia-search__bar" type="text" autocomplete="off" data-v-0c1dd653=""><!----></div></div></div><div class="dia-header__section dia-header__section--end" data-test-id="dia-header-section-end" data-v-969db9f0=""><!--[--><div class="postal-code-button" data-test-id="postal-code-btn" icontext="Elige tu código postal"><span class="dia-icon-truck"></span><p class="postal-code-button__text" data-test-id="postal-code-btn-text">Elige tu código postal</p></div><!----><!----><a rel="external" href="https://www.dia.es/login?redirect=/my-account&amp;analytics_site_location=header" class="login-button" data-test-id="login-btn" data-v-6ac43115=""><div class="login-button__icon" data-v-6ac43115=""><span class="dia-icon-Union" data-v-6ac43115=""></span><em class="dia-icon-in" data-test-id="login-btn-icon" data-v-6ac43115=""></em></div><p class="login-button__text" data-test-id="login-btn-text" data-v-6ac43115="">Inicia sesión</p></a><a rel="external" href="https://www.dia.es/cart" class="cart-button" data-test-id="cart-btn" data-v-ca643d7c=""><div class="cart-button__content" data-v-ca643d7c=""><span class="dia-icon-Vector-1" data-test-id="cart-btn-icon" data-v-ca643d7c=""></span><p class="cart-button__text" data-test-id="cart-btn-text" data-v-ca643d7c="">0,00&nbsp;€</p></div></a><!--]--></div><!----></div><!----><div class="postal-code-main-modal" data-v-969db9f0=""><!----></div><!----><!--]--></div><div class="plp-view__content" data-v-bf0fd08a=""><div class="plp-view__left" data-test-id="categories-list-page-component" data-v-bf0fd08a=""><ul data-test-id="categories-list" class="categories-list" data-v-bf0fd08a=""><li data-test-id="categories-list-element"><a href="https://www.dia.es/charcuteria-y-quesos/jamon-cocido-lacon-fiambres-y-mortadela/c/L2001" data-test-id="category-item-link" class="category-item-link"><div data-test-id="category-item" class="category-item"><div class="category-item__category-content"><div class="category-item__icon-container"><img data-test-id="category-item-icon" class="category-item__icon" width="32" height="32" src="./dia_main_files/L101_icon.png" alt="category-Charcutería y quesos"></div><span data-test-id="category-item-title" class="category-item__title--open">Charcutería y quesos</span></div><span data-test-id="category-item-symbol-icon" class="category-item__symbol-icon dia-icon-minus category-item__symbol-icon--visible"></span></div></a><div class="category-item__border-line"></div><ul data-test-id="sub-categories-list" class="sub-category-list" style="max-height: 340px;"><div data-test-id="sub-category-item" class="sub-category-item" data-v-a737f1af=""><a data-test-id="sub-category-item-link" class="sub-category-item__link" href="https://www.dia.es/charcuteria-y-quesos/jamon-cocido-lacon-fiambres-y-mortadela/c/L2001" data-v-a737f1af=""><span data-test-id="sub-category-item-bar" class="sub-category-item__bar sub-category-item__bar-selected" data-v-a737f1af=""></span><span data-test-id="sub-category-item-title" class="sub-category-item__text-selected" data-v-a737f1af="">Jamón cocido, lacón, fiambres y mortadela</span></a></div><div data-test-id="sub-category-item" class="sub-category-item" data-v-a737f1af=""><a data-test-id="sub-category-item-link" class="sub-category-item__link" href="https://www.dia.es/charcuteria-y-quesos/jamon-curado-y-paleta/c/L2004" data-v-a737f1af=""><span data-test-id="sub-category-item-bar" class="sub-category-item__bar" data-v-a737f1af=""></span><span data-test-id="sub-category-item-title" class="sub-category-item__text" data-v-a737f1af="">Jamón curado y paleta</span></a></div><div data-test-id="sub-category-item" class="sub-category-item" data-v-a737f1af=""><a data-test-id="sub-category-item-link" class="sub-category-item__link" href="https://www.dia.es/charcuteria-y-quesos/lomo-chorizo-fuet-salchichon/c/L2005" data-v-a737f1af=""><span data-test-id="sub-category-item-bar" class="sub-category-item__bar" data-v-a737f1af=""></span><span data-test-id="sub-category-item-title" class="sub-category-item__text" data-v-a737f1af="">Lomo, chorizo, fuet, salchichón</span></a></div><div data-test-id="sub-category-item" class="sub-category-item" data-v-a737f1af=""><a data-test-id="sub-category-item-link" class="sub-category-item__link" href="https://www.dia.es/charcuteria-y-quesos/queso-curado-semicurado-y-tierno/c/L2007" data-v-a737f1af=""><span data-test-id="sub-category-item-bar" class="sub-category-item__bar" data-v-a737f1af=""></span><span data-test-id="sub-category-item-title" class="sub-category-item__text" data-v-a737f1af="">Queso curado, semicurado y tierno</span></a></div><div data-test-id="sub-category-item" class="sub-category-item" data-v-a737f1af=""><a data-test-id="sub-category-item-link" class="sub-category-item__link" href="https://www.dia.es/charcuteria-y-quesos/queso-fresco/c/L2008" data-v-a737f1af=""><span data-test-id="sub-category-item-bar" class="sub-category-item__bar" data-v-a737f1af=""></span><span data-test-id="sub-category-item-title" class="sub-category-item__text" data-v-a737f1af="">Queso fresco</span></a></div><div data-test-id="sub-category-item" class="sub-category-item" data-v-a737f1af=""><a data-test-id="sub-category-item-link" class="sub-category-item__link" href="https://www.dia.es/charcuteria-y-quesos/queso-azul-y-roquefort/c/L2009" data-v-a737f1af=""><span data-test-id="sub-category-item-bar" class="sub-category-item__bar" data-v-a737f1af=""></span><span data-test-id="sub-category-item-title" class="sub-category-item__text" data-v-a737f1af="">Queso azul y roquefort</span></a></div><div data-test-id="sub-category-item" class="sub-category-item" data-v-a737f1af=""><a data-test-id="sub-category-item-link" class="sub-category-item__link" href="https://www.dia.es/charcuteria-y-quesos/quesos-fundidos-y-cremas/c/L2010" data-v-a737f1af=""><span data-test-id="sub-category-item-bar" class="sub-category-item__bar" data-v-a737f1af=""></span><span data-test-id="sub-category-item-title" class="sub-category-item__text" data-v-a737f1af="">Quesos fundidos y cremas</span></a></div><div data-test-id="sub-category-item" class="sub-category-item" data-v-a737f1af=""><a data-test-id="sub-category-item-link" class="sub-category-item__link" href="https://www.dia.es/charcuteria-y-quesos/quesos-internacionales/c/L2011" data-v-a737f1af=""><span data-test-id="sub-category-item-bar" class="sub-category-item__bar" data-v-a737f1af=""></span><span data-test-id="sub-category-item-title" class="sub-category-item__text" data-v-a737f1af="">Quesos internacionales</span></a></div><div data-test-id="sub-category-item" class="sub-category-item" data-v-a737f1af=""><a data-test-id="sub-category-item-link" class="sub-category-item__link" href="https://www.dia.es/charcuteria-y-quesos/salchichas/c/L2206" data-v-a737f1af=""><span data-test-id="sub-category-item-bar" class="sub-category-item__bar" data-v-a737f1af=""></span><span data-test-id="sub-category-item-title" class="sub-category-item__text" data-v-a737f1af="">Salchichas</span></a></div><div data-test-id="sub-category-item" class="sub-category-item" data-v-a737f1af=""><a data-test-id="sub-category-item-link" class="sub-category-item__link" href="https://www.dia.es/charcuteria-y-quesos/foie-pate-y-sobrasada/c/L2012" data-v-a737f1af=""><span data-test-id="sub-category-item-bar" class="sub-category-item__bar" data-v-a737f1af=""></span><span data-test-id="sub-category-item-title" class="sub-category-item__text" data-v-a737f1af="">Foie, paté y sobrasada</span></a></div></ul></li><li data-test-id="categories-list-element"><a href="https://www.dia.es/carniceria/pollo/c/L2202" data-test-id="category-item-link" class="category-item-link"><div data-test-id="category-item" class="category-item"><div class="category-item__category-content"><div class="category-item__icon-container"><img data-test-id="category-item-icon" class="category-item__icon" width="32" height="32" src="./dia_main_files/L102_icon.png" alt="category-Carnicería"></div><span data-test-id="category-item-title" class="category-item__title">Carnicería</span></div><span data-test-id="category-item-symbol-icon" class="category-item__symbol-icon dia-icon-plus"></span></div></a><div class="category-item__border-line"></div><!----></li><li data-test-id="categories-list-element"><a href="https://www.dia.es/pescados-mariscos-y-ahumados/pescados/c/L2019" data-test-id="category-item-link" class="category-item-link"><div data-test-id="category-item" class="category-item"><div class="category-item__category-content"><div class="category-item__icon-container"><img data-test-id="category-item-icon" class="category-item__icon" width="32" height="32" src="./dia_main_files/L103_icon.png" alt="category-Pescados, mariscos y ahumados"></div><span data-test-id="category-item-title" class="category-item__title">Pescados, mariscos y ahumados</span></div><span data-test-id="category-item-symbol-icon" class="category-item__symbol-icon dia-icon-plus"></span></div></a><div class="category-item__border-line"></div><!----></li><li data-test-id="categories-list-element"><a href="https://www.dia.es/verduras/ajos-cebollas-y-puerros/c/L2022" data-test-id="category-item-link" class="category-item-link"><div data-test-id="category-item" class="category-item"><div class="category-item__category-content"><div class="category-item__icon-container"><img data-test-id="category-item-icon" class="category-item__icon" width="32" height="32" src="./dia_main_files/L104_icon.png" alt="category-Verduras"></div><span data-test-id="category-item-title" class="category-item__title">Verduras</span></div><span data-test-id="category-item-symbol-icon" class="category-item__symbol-icon dia-icon-plus"></span></div></a><div class="category-item__border-line"></div><!----></li><li data-test-id="categories-list-element"><a href="https://www.dia.es/frutas/manzanas/c/L2032" data-test-id="category-item-link" class="category-item-link"><div data-test-id="category-item" class="category-item"><div class="category-item__category-content"><div class="category-item__icon-container"><img data-test-id="category-item-icon" class="category-item__icon" width="32" height="32" src="./dia_main_files/L105_icon.png" alt="category-Frutas"></div><span data-test-id="category-item-title" class="category-item__title">Frutas</span></div><span data-test-id="category-item-symbol-icon" class="category-item__symbol-icon dia-icon-plus"></span></div></a><div class="category-item__border-line"></div><!----></li><li data-test-id="categories-list-element"><a href="https://www.dia.es/leche-huevos-y-mantequilla/leche/c/L2051" data-test-id="category-item-link" class="category-item-link"><div data-test-id="category-item" class="category-item"><div class="category-item__category-content"><div class="category-item__icon-container"><img data-test-id="category-item-icon" class="category-item__icon" width="32" height="32" src="./dia_main_files/L108_icon.png" alt="category-Leche, huevos y mantequilla"></div><span data-test-id="category-item-title" class="category-item__title">Leche, huevos y mantequilla</span></div><span data-test-id="category-item-symbol-icon" class="category-item__symbol-icon dia-icon-plus"></span></div></a><div class="category-item__border-line"></div><!----></li><li data-test-id="categories-list-element"><a href="https://www.dia.es/yogures-y-postres/yogures-bifidus-y-colesterol/c/L2078" data-test-id="category-item-link" class="category-item-link"><div data-test-id="category-item" class="category-item"><div class="category-item__category-content"><div class="category-item__icon-container"><img data-test-id="category-item-icon" class="category-item__icon" width="32" height="32" src="./dia_main_files/L113_icon.png" alt="category-Yogures y postres"></div><span data-test-id="category-item-title" class="category-item__title">Yogures y postres</span></div><span data-test-id="category-item-symbol-icon" class="category-item__symbol-icon dia-icon-plus"></span></div></a><div class="category-item__border-line"></div><!----></li><li data-test-id="categories-list-element"><a href="https://www.dia.es/arroz-pastas-y-legumbres/arroz/c/L2042" data-test-id="category-item-link" class="category-item-link"><div data-test-id="category-item" class="category-item"><div class="category-item__category-content"><div class="category-item__icon-container"><img data-test-id="category-item-icon" class="category-item__icon" width="32" height="32" src="./dia_main_files/L106_icon.png" alt="category-Arroz, pastas y legumbres"></div><span data-test-id="category-item-title" class="category-item__title">Arroz, pastas y legumbres</span></div><span data-test-id="category-item-symbol-icon" class="category-item__symbol-icon dia-icon-plus"></span></div></a><div class="category-item__border-line"></div><!----></li><li data-test-id="categories-list-element"><a href="https://www.dia.es/aceites-salsas-y-especias/aceites/c/L2046" data-test-id="category-item-link" class="category-item-link"><div data-test-id="category-item" class="category-item"><div class="category-item__category-content"><div class="category-item__icon-container"><img data-test-id="category-item-icon" class="category-item__icon" width="32" height="32" src="./dia_main_files/L107_icon.png" alt="category-Aceites, salsas y especias"></div><span data-test-id="category-item-title" class="category-item__title">Aceites, salsas y especias</span></div><span data-test-id="category-item-symbol-icon" class="category-item__symbol-icon dia-icon-plus"></span></div></a><div class="category-item__border-line"></div><!----></li><li data-test-id="categories-list-element"><a href="https://www.dia.es/conservas-caldos-y-cremas/atun-bonito-y-caballa/c/L2179" data-test-id="category-item-link" class="category-item-link"><div data-test-id="category-item" class="category-item"><div class="category-item__category-content"><div class="category-item__icon-container"><img data-test-id="category-item-icon" class="category-item__icon" width="32" height="32" src="./dia_main_files/L114_icon.png" alt="category-Conservas, caldos y cremas"></div><span data-test-id="category-item-title" class="category-item__title">Conservas, caldos y cremas</span></div><span data-test-id="category-item-symbol-icon" class="category-item__symbol-icon dia-icon-plus"></span></div></a><div class="category-item__border-line"></div><!----></li><li data-test-id="categories-list-element"><a href="https://www.dia.es/panes-harinas-y-masas/pan-recien-horneado/c/L2070" data-test-id="category-item-link" class="category-item-link"><div data-test-id="category-item" class="category-item"><div class="category-item__category-content"><div class="category-item__icon-container"><img data-test-id="category-item-icon" class="category-item__icon" width="32" height="32" src="./dia_main_files/L112_icon.png" alt="category-Panes, harinas y masas"></div><span data-test-id="category-item-title" class="category-item__title">Panes, harinas y masas</span></div><span data-test-id="category-item-symbol-icon" class="category-item__symbol-icon dia-icon-plus"></span></div></a><div class="category-item__border-line"></div><!----></li><li data-test-id="categories-list-element"><a href="https://www.dia.es/cafe-cacao-e-infusiones/cafe/c/L2057" data-test-id="category-item-link" class="category-item-link"><div data-test-id="category-item" class="category-item"><div class="category-item__category-content"><div class="category-item__icon-container"><img data-test-id="category-item-icon" class="category-item__icon" width="32" height="32" src="./dia_main_files/L109_icon.png" alt="category-Café, cacao e infusiones"></div><span data-test-id="category-item-title" class="category-item__title">Café, cacao e infusiones</span></div><span data-test-id="category-item-symbol-icon" class="category-item__symbol-icon dia-icon-plus"></span></div></a><div class="category-item__border-line"></div><!----></li><li data-test-id="categories-list-element"><a href="https://www.dia.es/azucar-chocolates-y-caramelos/azucar-y-edulcorantes/c/L2060" data-test-id="category-item-link" class="category-item-link"><div data-test-id="category-item" class="category-item"><div class="category-item__category-content"><div class="category-item__icon-container"><img data-test-id="category-item-icon" class="category-item__icon" width="32" height="32" src="./dia_main_files/L110_icon.png" alt="category-Azúcar, chocolates y caramelos"></div><span data-test-id="category-item-title" class="category-item__title">Azúcar, chocolates y caramelos</span></div><span data-test-id="category-item-symbol-icon" class="category-item__symbol-icon dia-icon-plus"></span></div></a><div class="category-item__border-line"></div><!----></li><li data-test-id="categories-list-element"><a href="https://www.dia.es/galletas-bollos-y-cereales/galletas/c/L2065" data-test-id="category-item-link" class="category-item-link"><div data-test-id="category-item" class="category-item"><div class="category-item__category-content"><div class="category-item__icon-container"><img data-test-id="category-item-icon" class="category-item__icon" width="32" height="32" src="./dia_main_files/L111_icon.png" alt="category-Galletas, bollos y cereales"></div><span data-test-id="category-item-title" class="category-item__title">Galletas, bollos y cereales</span></div><span data-test-id="category-item-symbol-icon" class="category-item__symbol-icon dia-icon-plus"></span></div></a><div class="category-item__border-line"></div><!----></li><li data-test-id="categories-list-element"><a href="https://www.dia.es/patatas-fritas-encurtidos-y-frutos-secos/patatas-fritas-y-snacks/c/L2098" data-test-id="category-item-link" class="category-item-link"><div data-test-id="category-item" class="category-item"><div class="category-item__category-content"><div class="category-item__icon-container"><img data-test-id="category-item-icon" class="category-item__icon" width="32" height="32" src="./dia_main_files/L115_icon.png" alt="category-Patatas fritas, encurtidos y frutos secos"></div><span data-test-id="category-item-title" class="category-item__title">Patatas fritas, encurtidos y frutos secos</span></div><span data-test-id="category-item-symbol-icon" class="category-item__symbol-icon dia-icon-plus"></span></div></a><div class="category-item__border-line"></div><!----></li><li data-test-id="categories-list-element"><a href="https://www.dia.es/pizzas-y-platos-preparados/pizzas/c/L2101" data-test-id="category-item-link" class="category-item-link"><div data-test-id="category-item" class="category-item"><div class="category-item__category-content"><div class="category-item__icon-container"><img data-test-id="category-item-icon" class="category-item__icon" width="32" height="32" src="./dia_main_files/L116_icon.png" alt="category-Pizzas y platos preparados"></div><span data-test-id="category-item-title" class="category-item__title">Pizzas y platos preparados</span></div><span data-test-id="category-item-symbol-icon" class="category-item__symbol-icon dia-icon-plus"></span></div></a><div class="category-item__border-line"></div><!----></li><li data-test-id="categories-list-element"><a href="https://www.dia.es/congelados/helados-y-hielo/c/L2130" data-test-id="category-item-link" class="category-item-link"><div data-test-id="category-item" class="category-item"><div class="category-item__category-content"><div class="category-item__icon-container"><img data-test-id="category-item-icon" class="category-item__icon" width="32" height="32" src="./dia_main_files/L119_icon.png" alt="category-Congelados"></div><span data-test-id="category-item-title" class="category-item__title">Congelados</span></div><span data-test-id="category-item-symbol-icon" class="category-item__symbol-icon dia-icon-plus"></span></div></a><div class="category-item__border-line"></div><!----></li><li data-test-id="categories-list-element"><a href="https://www.dia.es/agua-refrescos-y-zumos/agua/c/L2107" data-test-id="category-item-link" class="category-item-link"><div data-test-id="category-item" class="category-item"><div class="category-item__category-content"><div class="category-item__icon-container"><img data-test-id="category-item-icon" class="category-item__icon" width="32" height="32" src="./dia_main_files/L117_icon.png" alt="category-Agua, refrescos y zumos"></div><span data-test-id="category-item-title" class="category-item__title">Agua, refrescos y zumos</span></div><span data-test-id="category-item-symbol-icon" class="category-item__symbol-icon dia-icon-plus"></span></div></a><div class="category-item__border-line"></div><!----></li><li data-test-id="categories-list-element"><a href="https://www.dia.es/cervezas-vinos-y-bebidas-con-alcohol/cervezas/c/L2115" data-test-id="category-item-link" class="category-item-link"><div data-test-id="category-item" class="category-item"><div class="category-item__category-content"><div class="category-item__icon-container"><img data-test-id="category-item-icon" class="category-item__icon" width="32" height="32" src="./dia_main_files/L118_icon.png" alt="category-Cervezas, vinos y bebidas con alcohol"></div><span data-test-id="category-item-title" class="category-item__title">Cervezas, vinos y bebidas con alcohol</span></div><span data-test-id="category-item-symbol-icon" class="category-item__symbol-icon dia-icon-plus"></span></div></a><div class="category-item__border-line"></div><!----></li><li data-test-id="categories-list-element"><a href="https://www.dia.es/limpieza-y-hogar/cuidado-de-la-ropa/c/L2170" data-test-id="category-item-link" class="category-item-link"><div data-test-id="category-item" class="category-item"><div class="category-item__category-content"><div class="category-item__icon-container"><img data-test-id="category-item-icon" class="category-item__icon" width="32" height="32" src="./dia_main_files/L122_icon.png" alt="category-Limpieza y hogar"></div><span data-test-id="category-item-title" class="category-item__title">Limpieza y hogar</span></div><span data-test-id="category-item-symbol-icon" class="category-item__symbol-icon dia-icon-plus"></span></div></a><div class="category-item__border-line"></div><!----></li><li data-test-id="categories-list-element"><a href="https://www.dia.es/perfumeria-higiene-salud/hidratacion-corporal/c/L2153" data-test-id="category-item-link" class="category-item-link"><div data-test-id="category-item" class="category-item"><div class="category-item__category-content"><div class="category-item__icon-container"><img data-test-id="category-item-icon" class="category-item__icon" width="32" height="32" src="./dia_main_files/L121_icon.png" alt="category-Perfumería, higiene, salud"></div><span data-test-id="category-item-title" class="category-item__title">Perfumería, higiene, salud</span></div><span data-test-id="category-item-symbol-icon" class="category-item__symbol-icon dia-icon-plus"></span></div></a><div class="category-item__border-line"></div><!----></li><li data-test-id="categories-list-element"><a href="https://www.dia.es/bebe/papilla/c/L2138" data-test-id="category-item-link" class="category-item-link"><div data-test-id="category-item" class="category-item"><div class="category-item__category-content"><div class="category-item__icon-container"><img data-test-id="category-item-icon" class="category-item__icon" width="32" height="32" src="./dia_main_files/L120_icon.png" alt="category-Bebé"></div><span data-test-id="category-item-title" class="category-item__title">Bebé</span></div><span data-test-id="category-item-symbol-icon" class="category-item__symbol-icon dia-icon-plus"></span></div></a><div class="category-item__border-line"></div><!----></li><li data-test-id="categories-list-element"><a href="https://www.dia.es/mascotas/perros/c/L2174" data-test-id="category-item-link" class="category-item-link"><div data-test-id="category-item" class="category-item"><div class="category-item__category-content"><div class="category-item__icon-container"><img data-test-id="category-item-icon" class="category-item__icon" width="32" height="32" src="./dia_main_files/L123_icon.png" alt="category-Mascotas"></div><span data-test-id="category-item-title" class="category-item__title">Mascotas</span></div><span data-test-id="category-item-symbol-icon" class="category-item__symbol-icon dia-icon-plus"></span></div></a><div class="category-item__border-line"></div><!----></li></ul><!----></div><div class="plp-view__right" data-v-bf0fd08a=""><div data-test-id="plp-breadcrumb" class="plp-breadcrumb" data-v-bf0fd08a=""><div class="plp-breadcrumb__dia-home"><a class="plp-breadcrumb__dia-home-anchor" rel="external" href="https://www.dia.es/" aria-label="Volver"><span class="plp-breadcrumb__dia-home-arrow dia-icon-keyboard_arrow_left"></span><span class="plp-breadcrumb__dia-home-title">Dia</span><span class="plp-breadcrumb__separator-arrow">&gt;</span></a></div><span class="plp-breadcrumb__first-level-category">Charcutería y quesos</span><span class="plp-breadcrumb__separator-arrow">&gt;</span><span class="plp-breadcrumb__second-level-category">Jamón cocido, lacón, fiambres y mortadela</span><span class="plp-breadcrumb__total-items"> (57) </span></div><div data-test-id="right-top-section" class="plp-view__right-top-section" data-v-bf0fd08a=""><h1 class="plp-view__category-title" data-v-bf0fd08a="">Jamón cocido, lacón, fiambres y mortadela</h1><div class="plp-view__filter" data-v-bf0fd08a=""><div data-test-id="sort-by-desktop" class="sort-by__desktop"><p data-test-id="sort-by-desktop-title" class="sort-by__desktop-title">Ordenar: </p><div class="sort-by__desktop-options" data-test-id="sort-by-desktop-options"><a class="sort-by__desktop-options--active" href="https://www.dia.es/charcuteria-y-quesos/jamon-cocido-lacon-fiambres-y-mortadela/c/L2001?sort=rating,desc" data-test-id="sort-by-desktop-current">Destacados</a><hr class="sort-by__desktop-options--breaker"></div><div class="sort-by__desktop-options" data-test-id="sort-by-desktop-options"><a class="sort-by__desktop-options--current" href="https://www.dia.es/charcuteria-y-quesos/jamon-cocido-lacon-fiambres-y-mortadela/c/L2001?sort=price,asc" data-test-id="sort-by-desktop-current">Precio</a><hr class="sort-by__desktop-options--breaker"></div><div class="sort-by__desktop-options" data-test-id="sort-by-desktop-options"><a class="sort-by__desktop-options--current" href="https://www.dia.es/charcuteria-y-quesos/jamon-cocido-lacon-fiambres-y-mortadela/c/L2001?sort=price_unit,asc" data-test-id="sort-by-desktop-current">Precio/Kg</a><hr class="sort-by__desktop-options--breaker"></div></div></div><div class="brand-dia" data-test-id="brand-dia" category-url="/charcuteria-y-quesos/jamon-cocido-lacon-fiambres-y-mortadela/c/L2001" data-v-bf0fd08a=""><div class="brand-dia__text-container"><p class="brand-dia__text">Marca DIA</p></div><div class="brand-dia__switch-container"><a href="https://www.dia.es/charcuteria-y-quesos/jamon-cocido-lacon-fiambres-y-mortadela/dia/c/13vbF15vz" class="brand-dia__link" aria-label="Marca Día" data-test-id="dia-brand-link"><label for="dia_brand:true:es" class="brand-dia__switch"><input id="dia_brand:true:es" value="dia_brand:true:es" aria-label="Dia filter" type="checkbox"><span class="brand-dia__slider brand-dia__round"></span></label></a></div></div><button class="filters-button" data-test-id="filters-button" data-v-bf0fd08a=""><span class="dia-icon-tune filters-button__icon"></span> Filtros <!----></button></div><!--[--><!----><!----><!--]--><div data-v-bf0fd08a=""><div data-v-bf0fd08a=""><div class="product-container" data-v-bf0fd08a=""><ul data-test-id="product-card-list" class="product-card-list"><!--[--><li data-test-id="product-card-list-item" style="" class="product-card-list__item-container"><div data-test-id="product-card" class="search-product-card search-product-card__dia-border product-card-list__item" content-id="" brand="Nuestra Alacena" expiration_days="0" object_id="273810" weight="0" is-desktop="true" is-tablet="false" is-tablet-portrait="false" is-s-mobile-size="false" height="0" scroll-up="false" scroll-down="false" isvisible="true"><div data-test-id="search-product-card-top-section" class="search-product-card__top-section"><div class="search-product-card__aux-head"></div><div class="search-product-card__top-section-content"><!----><a rel="external" href="https://www.dia.es/charcuteria-y-quesos/jamon-cocido-lacon-fiambres-y-mortadela/p/273810" data-test-id="search-product-card-image-url" class="search-product-card__product-image-link"><img width="176" height="176" data-test-id="search-product-card-image" class="search-product-card__product-image" src="./dia_main_files/273810_ISO_0_ES.jpg" alt="Pechuga de pavo Nuestra Alacena sobre 2 x 200 g"></a><a rel="external" href="https://www.dia.es/charcuteria-y-quesos/jamon-cocido-lacon-fiambres-y-mortadela/p/273810" data-test-id="search-product-card-name" class="search-product-card__product-link"><p class="search-product-card__product-name">Pechuga de pavo Nuestra Alacena sobre 2 x 200 g</p></a><p data-test-id="search-product-card-info" class="search-product-card__product-info">Sin gluten | Sin lactosa</p></div></div><div data-test-id="search-product-card-bottom-section" class="search-product-card__bottom-section"><!--[--><div class="product-special-offer" data-test-id="product-special-offer"><!----><!----><!----><!----><!----></div><!----><!--]--><!----><div data-test-id="search-product-card-prices" class="search-product-card__prices"><p data-test-id="search-product-card-unit-price" class="search-product-card__active-price">3,59&nbsp;€</p><p data-test-id="search-product-card-kilo-price" class="search-product-card__price-per-unit"> (8,98&nbsp;€/KILO) </p></div><div class="add-2-cart search-product-card__bottom-buttons" in-carousel="false"><button aria-label="add to cart button" class="add-2-cart__basic-button add-2-cart__basic-button--enabled" data-test-id="add2cart-basic-button">Añadir</button><!----></div></div></div></li><li data-test-id="product-card-list-item" style="" class="product-card-list__item-container"><div data-test-id="product-card" class="search-product-card search-product-card__dia-border product-card-list__item" content-id="" brand="Nuestra Alacena" expiration_days="0" object_id="273957" weight="0" is-desktop="true" is-tablet="false" is-tablet-portrait="false" is-s-mobile-size="false" height="0" scroll-up="false" scroll-down="false" isvisible="true"><div data-test-id="search-product-card-top-section" class="search-product-card__top-section"><div class="search-product-card__aux-head"></div><div class="search-product-card__top-section-content"><!----><a rel="external" href="https://www.dia.es/charcuteria-y-quesos/jamon-cocido-lacon-fiambres-y-mortadela/p/273957" data-test-id="search-product-card-image-url" class="search-product-card__product-image-link"><img width="176" height="176" data-test-id="search-product-card-image" class="search-product-card__product-image" src="./dia_main_files/273957_ISO_0_ES.jpg" alt="Jamón cocido extra Nuestra Alacena sobre 2 x 225 g"></a><a rel="external" href="https://www.dia.es/charcuteria-y-quesos/jamon-cocido-lacon-fiambres-y-mortadela/p/273957" data-test-id="search-product-card-name" class="search-product-card__product-link"><p class="search-product-card__product-name">Jamón cocido extra Nuestra Alacena sobre 2 x 225 g</p></a><p data-test-id="search-product-card-info" class="search-product-card__product-info">Sin gluten | Sin lactosa</p></div></div><div data-test-id="search-product-card-bottom-section" class="search-product-card__bottom-section"><!--[--><div class="product-special-offer" data-test-id="product-special-offer"><!----><!----><!----><!----><!----></div><!----><!--]--><!----><div data-test-id="search-product-card-prices" class="search-product-card__prices"><p data-test-id="search-product-card-unit-price" class="search-product-card__active-price">3,52&nbsp;€</p><p data-test-id="search-product-card-kilo-price" class="search-product-card__price-per-unit"> (7,82&nbsp;€/KILO) </p></div><div class="add-2-cart search-product-card__bottom-buttons" in-carousel="false"><button aria-label="add to cart button" class="add-2-cart__basic-button add-2-cart__basic-button--enabled" data-test-id="add2cart-basic-button">Añadir</button><!----></div></div></div></li><li data-test-id="product-card-list-item" style="" class="product-card-list__item-container"><div data-test-id="product-card" class="search-product-card search-product-card__dia-border product-card-list__item" content-id="" brand="Nuestra Alacena" expiration_days="0" object_id="273750" weight="0" is-desktop="true" is-tablet="false" is-tablet-portrait="false" is-s-mobile-size="false" height="0" scroll-up="false" scroll-down="false" isvisible="true"><div data-test-id="search-product-card-top-section" class="search-product-card__top-section"><div class="search-product-card__aux-head"></div><div class="search-product-card__top-section-content"><!----><a rel="external" href="https://www.dia.es/charcuteria-y-quesos/jamon-cocido-lacon-fiambres-y-mortadela/p/273750" data-test-id="search-product-card-image-url" class="search-product-card__product-image-link"><img width="176" height="176" data-test-id="search-product-card-image" class="search-product-card__product-image" src="./dia_main_files/273750_ISO_0_ES.jpg" alt="Bacon en tiras Nuestra Alacena bandeja 2 x 100 g"></a><a rel="external" href="https://www.dia.es/charcuteria-y-quesos/jamon-cocido-lacon-fiambres-y-mortadela/p/273750" data-test-id="search-product-card-name" class="search-product-card__product-link"><p class="search-product-card__product-name">Bacon en tiras Nuestra Alacena bandeja 2 x 100 g</p></a><p data-test-id="search-product-card-info" class="search-product-card__product-info">Sin gluten | Sin lactosa</p></div></div><div data-test-id="search-product-card-bottom-section" class="search-product-card__bottom-section"><!--[--><div class="product-special-offer" data-test-id="product-special-offer"><!----><!----><!----><!----><!----></div><!----><!--]--><!----><div data-test-id="search-product-card-prices" class="search-product-card__prices"><p data-test-id="search-product-card-unit-price" class="search-product-card__active-price">1,68&nbsp;€</p><p data-test-id="search-product-card-kilo-price" class="search-product-card__price-per-unit"> (8,40&nbsp;€/KILO) </p></div><div class="add-2-cart search-product-card__bottom-buttons" in-carousel="false"><button aria-label="add to cart button" class="add-2-cart__basic-button add-2-cart__basic-button--enabled" data-test-id="add2cart-basic-button">Añadir</button><!----></div></div></div></li><li data-test-id="product-card-list-item" style="" class="product-card-list__item-container"><div data-test-id="product-card" class="search-product-card search-product-card__dia-border product-card-list__item" content-id="" brand="Nuestra Alacena" expiration_days="0" object_id="273749" weight="0" is-desktop="true" is-tablet="false" is-tablet-portrait="false" is-s-mobile-size="false" height="0" scroll-up="false" scroll-down="false" isvisible="true"><div data-test-id="search-product-card-top-section" class="search-product-card__top-section"><div class="search-product-card__aux-head"></div><div class="search-product-card__top-section-content"><!----><a rel="external" href="https://www.dia.es/charcuteria-y-quesos/jamon-cocido-lacon-fiambres-y-mortadela/p/273749" data-test-id="search-product-card-image-url" class="search-product-card__product-image-link"><img width="176" height="176" data-test-id="search-product-card-image" class="search-product-card__product-image" src="./dia_main_files/273749_ISO_0_ES.jpg" alt="Bacon Nuestra Alacena sobre 200 g"></a><a rel="external" href="https://www.dia.es/charcuteria-y-quesos/jamon-cocido-lacon-fiambres-y-mortadela/p/273749" data-test-id="search-product-card-name" class="search-product-card__product-link"><p class="search-product-card__product-name">Bacon Nuestra Alacena sobre 200 g</p></a><p data-test-id="search-product-card-info" class="search-product-card__product-info">Sin gluten | Sin lactosa</p></div></div><div data-test-id="search-product-card-bottom-section" class="search-product-card__bottom-section"><!--[--><div class="product-special-offer" data-test-id="product-special-offer"><!----><!----><!----><!----><!----></div><!----><!--]--><!----><div data-test-id="search-product-card-prices" class="search-product-card__prices"><p data-test-id="search-product-card-unit-price" class="search-product-card__active-price">1,99&nbsp;€</p><p data-test-id="search-product-card-kilo-price" class="search-product-card__price-per-unit"> (9,95&nbsp;€/KILO) </p></div><div class="add-2-cart search-product-card__bottom-buttons" in-carousel="false"><button aria-label="add to cart button" class="add-2-cart__basic-button add-2-cart__basic-button--enabled" data-test-id="add2cart-basic-button">Añadir</button><!----></div></div></div></li><li data-test-id="product-card-list-item" style="" class="product-card-list__item-container"><div data-test-id="product-card" class="search-product-card search-product-card__dia-border product-card-list__item" content-id="" brand="Nuestra Alacena" expiration_days="0" object_id="273737" weight="0" is-desktop="true" is-tablet="false" is-tablet-portrait="false" is-s-mobile-size="false" height="0" scroll-up="false" scroll-down="false" isvisible="true"><div data-test-id="search-product-card-top-section" class="search-product-card__top-section"><div class="search-product-card__aux-head"></div><div class="search-product-card__top-section-content"><!----><a rel="external" href="https://www.dia.es/charcuteria-y-quesos/jamon-cocido-lacon-fiambres-y-mortadela/p/273737" data-test-id="search-product-card-image-url" class="search-product-card__product-image-link"><img width="176" height="176" data-test-id="search-product-card-image" class="search-product-card__product-image" src="./dia_main_files/273737_ISO_0_ES.jpg" alt="Jamón cocido extra 97% carne Nuestra Alacena sobre 150 g"></a><a rel="external" href="https://www.dia.es/charcuteria-y-quesos/jamon-cocido-lacon-fiambres-y-mortadela/p/273737" data-test-id="search-product-card-name" class="search-product-card__product-link"><p class="search-product-card__product-name">Jamón cocido extra 97% carne Nuestra Alacena sobre 150 g</p></a><p data-test-id="search-product-card-info" class="search-product-card__product-info">Sin gluten | Sin lactosa</p></div></div><div data-test-id="search-product-card-bottom-section" class="search-product-card__bottom-section"><!--[--><div class="product-special-offer" data-test-id="product-special-offer"><!----><!----><!----><!----><!----></div><!----><!--]--><!----><div data-test-id="search-product-card-prices" class="search-product-card__prices"><p data-test-id="search-product-card-unit-price" class="search-product-card__active-price">1,99&nbsp;€</p><p data-test-id="search-product-card-kilo-price" class="search-product-card__price-per-unit"> (13,27&nbsp;€/KILO) </p></div><div class="add-2-cart search-product-card__bottom-buttons" in-carousel="false"><button aria-label="add to cart button" class="add-2-cart__basic-button add-2-cart__basic-button--enabled" data-test-id="add2cart-basic-button">Añadir</button><!----></div></div></div></li><li data-test-id="product-card-list-item" style="" class="product-card-list__item-container"><div data-test-id="product-card" class="search-product-card search-product-card__dia-border product-card-list__item" content-id="" brand="Nuestra Alacena" expiration_days="0" object_id="273965" weight="0" is-desktop="true" is-tablet="false" is-tablet-portrait="false" is-s-mobile-size="false" height="0" scroll-up="false" scroll-down="false" isvisible="true"><div data-test-id="search-product-card-top-section" class="search-product-card__top-section"><div class="search-product-card__aux-head"></div><div class="search-product-card__top-section-content"><!----><a rel="external" href="https://www.dia.es/charcuteria-y-quesos/jamon-cocido-lacon-fiambres-y-mortadela/p/273965" data-test-id="search-product-card-image-url" class="search-product-card__product-image-link"><img width="176" height="176" data-test-id="search-product-card-image" class="search-product-card__product-image" src="./dia_main_files/273965_ISO_0_ES.jpg" alt="Pechuga de pavo 90% carne Nuestra Alacena sobre 120 g"></a><a rel="external" href="https://www.dia.es/charcuteria-y-quesos/jamon-cocido-lacon-fiambres-y-mortadela/p/273965" data-test-id="search-product-card-name" class="search-product-card__product-link"><p class="search-product-card__product-name">Pechuga de pavo 90% carne Nuestra Alacena sobre 120 g</p></a><p data-test-id="search-product-card-info" class="search-product-card__product-info">Sin gluten | Sin lactosa</p></div></div><div data-test-id="search-product-card-bottom-section" class="search-product-card__bottom-section"><!--[--><div class="product-special-offer" data-test-id="product-special-offer"><!----><!----><!----><!----><!----></div><!----><!--]--><!----><div data-test-id="search-product-card-prices" class="search-product-card__prices"><p data-test-id="search-product-card-unit-price" class="search-product-card__active-price">2,19&nbsp;€</p><p data-test-id="search-product-card-kilo-price" class="search-product-card__price-per-unit"> (18,25&nbsp;€/KILO) </p></div><div class="add-2-cart search-product-card__bottom-buttons" in-carousel="false"><button aria-label="add to cart button" class="add-2-cart__basic-button add-2-cart__basic-button--enabled" data-test-id="add2cart-basic-button">Añadir</button><!----></div></div></div></li><li data-test-id="horizontal-banner" class="product-card-list__item-container" style="display: none;"><div id="div-gpt-ad-banner_1" data-test-id="googleBanner" data-add-server="true" class="googleadcontainer trade-banner-container google-banner product-card-list__item" is-tablet-portrait="false" customer-data="[object Object]" item-list-position="7" index="7" query-id="33da4e629f6dc9fbfd03a5e8978c0c1e" use-search-engine="true" pages-map="[object Object]" scroll-up="false" scroll-down="false" analytics-list-name="charcuteria_y_quesos_jamon_cocido_lacon_fiambres_y_mortadela" analytics-list-id="L2001"></div></li><li data-test-id="product-card-list-item" style="" class="product-card-list__item-container"><div data-test-id="product-card" class="search-product-card search-product-card__dia-border product-card-list__item" content-id="" brand="Elpozo" expiration_days="0" object_id="146710" weight="0" is-desktop="true" is-tablet="false" is-tablet-portrait="false" is-s-mobile-size="false" height="0" scroll-up="false" scroll-down="false" isvisible="true"><div data-test-id="search-product-card-top-section" class="search-product-card__top-section"><div class="search-product-card__aux-head"></div><div class="search-product-card__top-section-content"><!----><a rel="external" href="https://www.dia.es/charcuteria-y-quesos/jamon-cocido-lacon-fiambres-y-mortadela/p/146710" data-test-id="search-product-card-image-url" class="search-product-card__product-image-link"><img width="176" height="176" data-test-id="search-product-card-image" class="search-product-card__product-image" src="./dia_main_files/146710_ISO_0_ES.jpg" alt="Jamón cocido extra Elpozo 1954 sobre 150 g"></a><a rel="external" href="https://www.dia.es/charcuteria-y-quesos/jamon-cocido-lacon-fiambres-y-mortadela/p/146710" data-test-id="search-product-card-name" class="search-product-card__product-link"><p class="search-product-card__product-name">Jamón cocido extra Elpozo 1954 sobre 150 g</p></a><p data-test-id="search-product-card-info" class="search-product-card__product-info">Sin gluten | Sin lactosa</p></div></div><div data-test-id="search-product-card-bottom-section" class="search-product-card__bottom-section"><!--[--><div class="product-special-offer" data-test-id="product-special-offer"><!----><!----><!----><!----><!----></div><!----><!--]--><!----><div data-test-id="search-product-card-prices" class="search-product-card__prices"><p data-test-id="search-product-card-unit-price" class="search-product-card__active-price">2,00&nbsp;€</p><p data-test-id="search-product-card-kilo-price" class="search-product-card__price-per-unit"> (13,33&nbsp;€/KILO) </p></div><div class="add-2-cart search-product-card__bottom-buttons" in-carousel="false"><button aria-label="add to cart button" class="add-2-cart__basic-button add-2-cart__basic-button--enabled" data-test-id="add2cart-basic-button">Añadir</button><!----></div></div></div></li><li data-test-id="product-card-list-item" style="" class="product-card-list__item-container"><div data-test-id="product-card" class="search-product-card search-product-card__dia-border product-card-list__item" content-id="" brand="Nuestra Alacena" expiration_days="0" object_id="273960" weight="0" is-desktop="true" is-tablet="false" is-tablet-portrait="false" is-s-mobile-size="false" height="0" scroll-up="false" scroll-down="false" isvisible="true"><div data-test-id="search-product-card-top-section" class="search-product-card__top-section"><div class="search-product-card__aux-head"></div><div class="search-product-card__top-section-content"><!----><a rel="external" href="https://www.dia.es/charcuteria-y-quesos/jamon-cocido-lacon-fiambres-y-mortadela/p/273960" data-test-id="search-product-card-image-url" class="search-product-card__product-image-link"><img width="176" height="176" data-test-id="search-product-card-image" class="search-product-card__product-image" src="./dia_main_files/273960_ISO_0_ES.jpg" alt="Mortadela Nuestra Alacena sobre 250 g"></a><a rel="external" href="https://www.dia.es/charcuteria-y-quesos/jamon-cocido-lacon-fiambres-y-mortadela/p/273960" data-test-id="search-product-card-name" class="search-product-card__product-link"><p class="search-product-card__product-name">Mortadela Nuestra Alacena sobre 250 g</p></a><p data-test-id="search-product-card-info" class="search-product-card__product-info">Sin gluten</p></div></div><div data-test-id="search-product-card-bottom-section" class="search-product-card__bottom-section"><!--[--><div class="product-special-offer" data-test-id="product-special-offer"><!----><!----><!----><!----><!----></div><!----><!--]--><!----><div data-test-id="search-product-card-prices" class="search-product-card__prices"><p data-test-id="search-product-card-unit-price" class="search-product-card__active-price">1,25&nbsp;€</p><p data-test-id="search-product-card-kilo-price" class="search-product-card__price-per-unit"> (5,00&nbsp;€/KILO) </p></div><div class="add-2-cart search-product-card__bottom-buttons" in-carousel="false"><button aria-label="add to cart button" class="add-2-cart__basic-button add-2-cart__basic-button--enabled" data-test-id="add2cart-basic-button">Añadir</button><!----></div></div></div></li><li data-test-id="product-card-list-item" style="" class="product-card-list__item-container"><div data-test-id="product-card" class="search-product-card search-product-card__dia-border product-card-list__item" content-id="" brand="Elpozo" expiration_days="0" object_id="178002" weight="0" is-desktop="true" is-tablet="false" is-tablet-portrait="false" is-s-mobile-size="false" height="0" scroll-up="false" scroll-down="false"><div data-test-id="search-product-card-top-section" class="search-product-card__top-section"><div class="search-product-card__aux-head"></div><div class="search-product-card__top-section-content"><!----><a rel="external" href="https://www.dia.es/charcuteria-y-quesos/jamon-cocido-lacon-fiambres-y-mortadela/p/178002" data-test-id="search-product-card-image-url" class="search-product-card__product-image-link"><img width="176" height="176" data-test-id="search-product-card-image" class="search-product-card__product-image" src="./dia_main_files/178002_ISO_0_ES.jpg" alt="Fiambre de pavo sándwich Elpozo bandeja 270 g"></a><a rel="external" href="https://www.dia.es/charcuteria-y-quesos/jamon-cocido-lacon-fiambres-y-mortadela/p/178002" data-test-id="search-product-card-name" class="search-product-card__product-link"><p class="search-product-card__product-name">Fiambre de pavo sándwich Elpozo bandeja 270 g</p></a><p data-test-id="search-product-card-info" class="search-product-card__product-info">Sin gluten</p></div></div><div data-test-id="search-product-card-bottom-section" class="search-product-card__bottom-section"><!--[--><div class="product-special-offer" data-test-id="product-special-offer"><!----><!----><!----><!----><!----></div><!----><!--]--><!----><div data-test-id="search-product-card-prices" class="search-product-card__prices"><p data-test-id="search-product-card-unit-price" class="search-product-card__active-price">2,00&nbsp;€</p><p data-test-id="search-product-card-kilo-price" class="search-product-card__price-per-unit"> (7,41&nbsp;€/KILO) </p></div><div class="add-2-cart search-product-card__bottom-buttons" in-carousel="false"><button aria-label="add to cart button" class="add-2-cart__basic-button add-2-cart__basic-button--enabled" data-test-id="add2cart-basic-button">Añadir</button><!----></div></div></div></li><li data-test-id="product-card-list-item" style="" class="product-card-list__item-container"><a href="https://www.dia.es/charcuteria-y-quesos/jamon-cocido-lacon-fiambres-y-mortadela/p/74043">Pechuga de pavo Campofrío Finissimas sobre 115 g</a></li><li data-test-id="product-card-list-item" style="" class="product-card-list__item-container"><a href="https://www.dia.es/charcuteria-y-quesos/jamon-cocido-lacon-fiambres-y-mortadela/p/273736">Jamón cocido extra bajo en sal Nuestra Alacena sobre 200 g</a></li><li data-test-id="product-card-list-item" style="" class="product-card-list__item-container"><a href="https://www.dia.es/charcuteria-y-quesos/jamon-cocido-lacon-fiambres-y-mortadela/p/273961">Mortadela con aceitunas Nuestra Alacena sobre 250 g</a></li><li data-test-id="product-card-list-item" style="" class="product-card-list__item-container"><a href="https://www.dia.es/charcuteria-y-quesos/jamon-cocido-lacon-fiambres-y-mortadela/p/273733">Jamón de pavo Nuestra Alacena sobre 200 g</a></li><li data-test-id="product-card-list-item" style="" class="product-card-list__item-container"><a href="https://www.dia.es/charcuteria-y-quesos/jamon-cocido-lacon-fiambres-y-mortadela/p/273731">Pechuga de pavo bajo en sal Nuestra Alacena sobre 200 g</a></li><li data-test-id="product-card-list-item" style="" class="product-card-list__item-container"><a href="https://www.dia.es/charcuteria-y-quesos/jamon-cocido-lacon-fiambres-y-mortadela/p/273745">Lacón ahumado Nuestra Alacena sobre 200 g</a></li><li data-test-id="product-card-list-item" style="" class="product-card-list__item-container"><a href="https://www.dia.es/charcuteria-y-quesos/jamon-cocido-lacon-fiambres-y-mortadela/p/162311">Bacon en lonchas Elpozo sobre 120 g</a></li><li data-test-id="product-card-list-item" style="" class="product-card-list__item-container"><a href="https://www.dia.es/charcuteria-y-quesos/jamon-cocido-lacon-fiambres-y-mortadela/p/273740">Fiambre sándwich Nuestra Alacena sobre 250 g</a></li><li data-test-id="product-card-list-item" style="" class="product-card-list__item-container"><a href="https://www.dia.es/charcuteria-y-quesos/jamon-cocido-lacon-fiambres-y-mortadela/p/300740">Pechuga de pavo braseado Campofrío sobre 75 g</a></li><li data-test-id="product-card-list-item" style="" class="product-card-list__item-container"><a href="https://www.dia.es/charcuteria-y-quesos/jamon-cocido-lacon-fiambres-y-mortadela/p/255685">Jamón de pavo con trufa y boletus Elpozo sobre 120 + 20 g</a></li><li data-test-id="product-card-list-item" style="" class="product-card-list__item-container"><a href="https://www.dia.es/charcuteria-y-quesos/jamon-cocido-lacon-fiambres-y-mortadela/p/66118">Magro de cerdo cocido Nuestra Alacena lata 200 g</a></li><li data-test-id="horizontal-banner" style="" class="product-card-list__page-separator"><div class="pagination-divider product-card-list__item" data-test-id="pagination-divider" type="PaginationDivider" is-desktop="true" is-tablet="false" is-tablet-portrait="false" is-mobile="false" is-s-mobile-size="false" height="0" item-list-position="22" index="22" query-id="33da4e629f6dc9fbfd03a5e8978c0c1e" use-search-engine="true" analytics-list-name="charcuteria_y_quesos_jamon_cocido_lacon_fiambres_y_mortadela" analytics-list-id="L2001"></div></li><!--]--></ul></div></div><!----><!--[--><div class="spinner-trigger__dispatcher" data-test-id="next-spinner-trigger"></div><div class="spinner-trigger" data-test-id="spinner-trigger"><div class="spinner-trigger__container--normal-item-padding spinner-trigger__container" data-test-id="spinner-trigger-container"><span class="spinner-trigger__icon dia-icon-spinner"></span></div></div><!--]--><!----></div><div class="pagination-list" data-test-id="pagination-list" data-v-bf0fd08a=""><div class="pagination-list__container"><!--[--><a rel="external" href="https://www.dia.es/charcuteria-y-quesos/jamon-cocido-lacon-fiambres-y-mortadela/c/L2001" class="pagination-list__item--selected pagination-list__item" data-test-id="pagination-button-1">1</a><a rel="external" href="https://www.dia.es/charcuteria-y-quesos/jamon-cocido-lacon-fiambres-y-mortadela/pag-2/c/L2001" class="pagination-list__item" data-test-id="pagination-button-2">2</a><a rel="external" href="https://www.dia.es/charcuteria-y-quesos/jamon-cocido-lacon-fiambres-y-mortadela/pag-3/c/L2001" class="pagination-list__item" data-test-id="pagination-button-3">3</a><!--]--></div></div><div class="dia-footer" data-test-id="dia-footer" data-v-bf0fd08a=""><div data-test-id="footer-signature" class="footer-signature__signature" items-position="footer"><p data-test-id="footer-signature-text">Dia Supermercado online</p></div><div class="footer-info__list"><!--[--><div data-test-id="footer-information" class="footer-info__odd-section footer-info__section"><span data-test-id="footer-information-permalink" class="footer-info__section--permalink" rel="external"><div class="footer-info__section--main"><div class="footer-info__section--logo"><div data-test-id="footer-information-icon" class="dia-icon-truck footer-info__information--icon"></div></div><div class="footer-info__information"><p data-test-id="footer-information-title" class="footer-info__information-title">Pide hoy, recibe hoy</p><p data-test-id="footer-information-text" class="footer-info__information-text">Entrega rápida y en la franja horaria que mejor te venga.</p></div></div></span><hr class="footer-info__breaker"></div><div data-test-id="footer-information" class="footer-info__even-section footer-info__section"><span data-test-id="footer-information-permalink" class="footer-info__section--permalink" rel="external"><div class="footer-info__section--main"><div class="footer-info__section--logo"><div data-test-id="footer-information-icon" class="dia-icon-euro footer-info__information--icon"></div></div><div class="footer-info__information"><p data-test-id="footer-information-title" class="footer-info__information-title">Envío desde 4,99€</p><p data-test-id="footer-information-text" class="footer-info__information-text">Envío estándar por 4,99€. Gratis con +100€. Envío express por 4,99€.</p></div></div></span><hr class="footer-info__breaker"></div><div data-test-id="footer-information" class="footer-info__odd-section footer-info__section"><a data-test-id="footer-information-permalink" class="footer-info__section--permalink" rel="external" href="https://www.dia.es/tiendas/buscador-tiendas-folletos"><div class="footer-info__section--main"><div class="footer-info__section--logo"><div data-test-id="footer-information-icon" class="dia-icon-Map-pin footer-info__information--icon"></div></div><div class="footer-info__information"><p data-test-id="footer-information-title" class="footer-info__information-title">Encuentra tu tienda</p><p data-test-id="footer-information-text" class="footer-info__information-text">Localiza tu tienda y descubre las mejores ofertas.</p></div></div></a><hr class="footer-info__breaker"></div><div data-test-id="footer-information" class="footer-info__even-section footer-info__section"><a data-test-id="footer-information-permalink" class="footer-info__section--permalink" rel="external" href="https://www.dia.es/folleto"><div class="footer-info__section--main"><div class="footer-info__section--logo"><div data-test-id="footer-information-icon" class="dia-icon-brochure footer-info__information--icon"></div></div><div class="footer-info__information"><p data-test-id="footer-information-title" class="footer-info__information-title">Folletos</p><p data-test-id="footer-information-text" class="footer-info__information-text">Descubre las mejores Ofertas.</p></div></div></a><hr class="footer-info__breaker"></div><div data-test-id="footer-information" class="footer-info__odd-section footer-info__section"><a data-test-id="footer-information-permalink" class="footer-info__section--permalink" rel="external" href="https://www.dia.es/l/tarjeta-club-dia"><div class="footer-info__section--main"><div class="footer-info__section--logo"><div data-test-id="footer-information-icon" class="dia-icon-credit-card footer-info__information--icon"></div></div><div class="footer-info__information"><p data-test-id="footer-information-title" class="footer-info__information-title">Tarjeta CLUB Dia</p><p data-test-id="footer-information-text" class="footer-info__information-text">Solicita tu tarjeta y disfruta las ventajas del club.</p></div></div></a><hr class="footer-info__breaker"></div><div data-test-id="footer-information" class="footer-info__even-section footer-info__section"><a data-test-id="footer-information-permalink" class="footer-info__section--permalink" rel="external" href="https://www.dia.es/l/facturas_3P"><div class="footer-info__section--main"><div class="footer-info__section--logo"><div data-test-id="footer-information-icon" class="dia-icon-bill footer-info__information--icon"></div></div><div class="footer-info__information"><p data-test-id="footer-information-title" class="footer-info__information-title">Glovo, Uber Eats y Just Eat</p><p data-test-id="footer-information-text" class="footer-info__information-text">Solicita tu factura de Glovo, Uber Eats o Just Eat</p></div></div></a><hr class="footer-info__breaker"></div><!--]--></div><ul data-test-id="footer-webs" class="footer-webs"><!--[--><li data-test-id="footer-webs-section" class="footer-webs__section"><a data-test-id="footer-webs-section-link" class="footer-webs__section-link" rel="external" href="http://blog.dia.es/">El blog de DIA</a><p class="footer-webs__circle">·</p></li><li data-test-id="footer-webs-section" class="footer-webs__section"><a data-test-id="footer-webs-section-link" class="footer-webs__section-link" rel="external" href="https://www.dia.es/l/comer-mejor-cada-dia">Recetas</a><p class="footer-webs__circle">·</p></li><li data-test-id="footer-webs-section" class="footer-webs__section"><a data-test-id="footer-webs-section-link" class="footer-webs__section-link" rel="external" href="https://www.dia.es/tiendas/empleo">Empleo</a><p class="footer-webs__circle">·</p></li><li data-test-id="footer-webs-section" class="footer-webs__section"><a data-test-id="footer-webs-section-link" class="footer-webs__section-link" rel="external" href="https://www.dia.es/contacto-proveedores">Colabora con DIA</a><p class="footer-webs__circle">·</p></li><li data-test-id="footer-webs-section" class="footer-webs__section"><a data-test-id="footer-webs-section-link" class="footer-webs__section-link" rel="external" href="https://franquicia.dia.es/">Abre tu tienda</a><p class="footer-webs__circle">·</p></li><li data-test-id="footer-webs-section" class="footer-webs__section"><a data-test-id="footer-webs-section-link" class="footer-webs__section-link" rel="external" href="https://diacorporate.com/">DIA corporate</a><p class="footer-webs__circle">·</p></li><!--]--></ul><div class="dia-footer__contact"><div data-test-id="footer-social-media" class="social-media__social"><!--[--><div data-test-id="footer-social-media-section" class="social-media__social--section"><a data-test-id="footer-social-media-permalink" class="social-media__social--icon" rel="external" href="https://twitter.com/dia_group?lang=es"><div data-test-id="footer-social-icon" class="dia-icon-twitter social-media__information--icon" title="Twitter"></div></a></div><div data-test-id="footer-social-media-section" class="social-media__social--section"><a data-test-id="footer-social-media-permalink" class="social-media__social--icon" rel="external" href="https://www.facebook.com/DIAEspana?lang=es"><div data-test-id="footer-social-icon" class="dia-icon-facebook social-media__information--icon" title="Facebook"></div></a></div><div data-test-id="footer-social-media-section" class="social-media__social--section"><a data-test-id="footer-social-media-permalink" class="social-media__social--icon" rel="external" href="https://instagram.com/dia_esp?lang=es"><div data-test-id="footer-social-icon" class="dia-icon-instagram social-media__information--icon" title="Instagram"></div></a></div><div data-test-id="footer-social-media-section" class="social-media__social--section"><a data-test-id="footer-social-media-permalink" class="social-media__social--icon" rel="external" href="https://www.tiktok.com/@dia_espana?lang=es"><div data-test-id="footer-social-icon" class="dia-icon-tik-tok social-media__information--icon" title="Tik Tok"></div></a></div><div data-test-id="footer-social-media-section" class="social-media__social--section"><a data-test-id="footer-social-media-permalink" class="social-media__social--icon" rel="external" href="https://www.youtube.com/user/DIAespana"><div data-test-id="footer-social-icon" class="dia-icon-youtube social-media__information--icon" title="Youtube"></div></a></div><!--]--></div><div class="dia-footer__contact-drop"><div class="select-wrapper" data-test-id="select-language"><ul class="select-wrapper__drop-down" style="height: 0"><li class="select-wrapper__item"><span class="select-wrapper__es-lang"><span class="dia-icon-es"></span><span class="dia-icon-es1"></span><span class="dia-icon-es2"></span></span><p class="select-wrapper__item--language">Español</p></li><li class="select-wrapper__item"><span class="select-wrapper__ca-lang"><span class="dia-icon-ca"></span><span class="dia-icon-ca2"></span><span class="dia-icon-ca3"></span><span class="dia-icon-ca4"></span><span class="dia-icon-ca5"></span></span><p class="select-wrapper__item--language">Català</p></li><li class="select-wrapper__item"><span class="select-wrapper__en-lang"><span class="dia-icon-en1"></span><span class="dia-icon-en2"></span><span class="dia-icon-en3"></span><span class="dia-icon-en4"></span><span class="dia-icon-en5"></span><span class="dia-icon-en6"></span><span class="dia-icon-en7"></span><span class="dia-icon-en8"></span><span class="dia-icon-en9"></span><span class="dia-icon-en10"></span><span class="dia-icon-en11"></span><span class="dia-icon-en12"></span><span class="dia-icon-en13"></span></span><p class="select-wrapper__item--language">English</p></li><li class="select-wrapper__item"><span class="select-wrapper__pt-lang"><span class="dia-icon-pt"></span><span class="dia-icon-pt1"></span></span><p class="select-wrapper__item--language">Português</p></li></ul><ul class="select-wrapper__select-language"><li class="select-wrapper__item"><span class="select-wrapper__es-lang"><span class="dia-icon-es"></span><span class="dia-icon-es1"></span><span class="dia-icon-es2"></span></span><p class="select-wrapper__item--language">Español</p></li><li class="dia-icon-arrow_drop_down"></li></ul></div><div class="customer-support"><!--[--><div data-test-id="footer-customer-support" class="customer-support__att"><a data-test-id="footer-customer-support-link" class="customer-support__att--title" rel="external" href="https://www.dia.es/l/atencion-al-cliente"><div class="customer-support__att--icon dia-icon-phone-call"></div><p>Atención al cliente</p></a></div><!--]--></div></div></div><!--[--><div data-test-id="footer-legals" class="footer-legals__legals"><!--[--><div class="footer-legals__privacy"><div data-test-id="footer-legals-section" class="footer-legals__privacy--policy"><span data-test-id="footer-legals-section-link" class="footer-legals__privacy--permalink" rel="external"><p data-test-id="footer-legals-section-title">Política de privacidad</p></span></div><hr class="footer-legals__breaker"></div><div class="footer-legals__privacy"><div data-test-id="footer-legals-section" class="footer-legals__privacy--policy"><a data-test-id="footer-legals-section-link" class="footer-legals__privacy--permalink" rel="external" href="https://www.dia.es/l/politica-cookies"><p data-test-id="footer-legals-section-title">Política de cookies</p></a></div><hr class="footer-legals__breaker"></div><div class="footer-legals__privacy"><div data-test-id="footer-legals-section" class="footer-legals__privacy--policy"><a data-test-id="footer-legals-section-link" class="footer-legals__privacy--permalink" rel="external" href="https://www.dia.es/l/aviso-legal"><p data-test-id="footer-legals-section-title">Aviso legal</p></a></div><hr class="footer-legals__breaker"></div><div class="footer-legals__privacy"><div data-test-id="footer-legals-section" class="footer-legals__privacy--policy"><span data-test-id="footer-legals-section-link" class="footer-legals__privacy--permalink" rel="external"><p data-test-id="footer-legals-section-title">Condiciones de compra</p></span></div><hr class="footer-legals__breaker"></div><!--]--></div><!----><!--]--></div><div data-v-bf0fd08a=""></div><div class="scroll-to-top plp-view__fixed-button-scroll" data-v-bf0fd08a=""><!----></div><div class="mobile-sort-and-filters plp-view__fixed-button-mobile-filters" is-desktop="true" data-test-id="all-filters-button" data-v-bf0fd08a=""><span data-test-id="mobile-sort-and-filters-button" class="mobile-sort-and-filters__button dia-icon-tune"></span><!----></div><div class="sorting-and-filters-modal" data-test-id="all-filters" style="display:none;" data-v-bf0fd08a=""><div data-test-id="modal-mask" class="dia-modal__mask sorting-and-filters-modal__modal"><div data-test-id="modal" class="dia-modal__window"><!----><div data-test-id="modal-content" class="dia-modal__content"><!--[--><!----><div class="facets-list-special-filters" data-test-id="facets-list"><p class="facets-list-title-special-filters">filtrar por</p><!--[--><!----><div class="special-filter facets-list__special-filters" data-test-id="special_filter_Sin gluten"><!--[--><span><a class="filter-component" data-test-id="filter-component" href="https://www.dia.es/charcuteria-y-quesos/jamon-cocido-lacon-fiambres-y-mortadela/sin-gluten/c/13vbF18vq"><label for="gluten_free:SI:es" class="custom-checkbox custom-checkbox" data-test-id="custom-checkbox"><input id="gluten_free:SI:es" name="Sin gluten" value="" class="custom-checkbox__input" type="checkbox"><span tabindex="0" class="custom-checkbox__check-container"><!----></span> Sin gluten</label></a></span><!--]--></div><div class="special-filter facets-list__special-filters" data-test-id="special_filter_Sin lactosa"><!--[--><span><a class="filter-component" data-test-id="filter-component" href="https://www.dia.es/charcuteria-y-quesos/jamon-cocido-lacon-fiambres-y-mortadela/sin-lactosa/c/13vbF18vs"><label for="lactose_free:SI:es" class="custom-checkbox custom-checkbox" data-test-id="custom-checkbox"><input id="lactose_free:SI:es" name="Sin lactosa" value="" class="custom-checkbox__input" type="checkbox"><span tabindex="0" class="custom-checkbox__check-container"><!----></span> Sin lactosa</label></a></span><!--]--></div><div class="special-filter facets-list__special-filters" data-test-id="special_filter_Sin frutos secos"><!--[--><span><a class="filter-component" data-test-id="filter-component" href="https://www.dia.es/charcuteria-y-quesos/jamon-cocido-lacon-fiambres-y-mortadela/sin-frutos-secos/c/13vbF18vz"><label for="nuts_free:SI:es" class="custom-checkbox custom-checkbox" data-test-id="custom-checkbox"><input id="nuts_free:SI:es" name="Sin frutos secos" value="" class="custom-checkbox__input" type="checkbox"><span tabindex="0" class="custom-checkbox__check-container"><!----></span> Sin frutos secos</label></a></span><!--]--></div><div class="special-filter facets-list__special-filters" data-test-id="special_filter_Bajo en sal"><!--[--><span><a class="filter-component" data-test-id="filter-component" href="https://www.dia.es/charcuteria-y-quesos/jamon-cocido-lacon-fiambres-y-mortadela/sin-sal/c/13vbF1dw8"><label for="salt_free:SI:es" class="custom-checkbox custom-checkbox" data-test-id="custom-checkbox"><input id="salt_free:SI:es" name="Bajo en sal" value="" class="custom-checkbox__input" type="checkbox"><span tabindex="0" class="custom-checkbox__check-container"><!----></span> Bajo en sal</label></a></span><!--]--></div><!--]--><!--[--><div class="filter-list" data-test-id="filter-list"><p class="filter-list__title" data-test-id="filter-list-title">Marca <small class="filter-list__title--number" data-test-id="filter-list-options">(0 de 7)</small></p><hr class="filter-list__break"><ul class="filter-list__list" style="max-height: 240px"><!--[--><li class="filter-list__list--input"><span><a class="filter-component" data-test-id="filter-component" href="https://www.dia.es/charcuteria-y-quesos/jamon-cocido-lacon-fiambres-y-mortadela/campofrio/c/13vbF1bjy"><label for="brand_description:Campofrío:es" class="custom-checkbox custom-checkbox" data-test-id="custom-checkbox"><input id="brand_description:Campofrío:es" name="Campofrío" value="" class="custom-checkbox__input" type="checkbox"><span tabindex="0" class="custom-checkbox__check-container"><!----></span> Campofrío</label></a></span></li><li class="filter-list__list--input"><span><a class="filter-component" data-test-id="filter-component" href="https://www.dia.es/charcuteria-y-quesos/jamon-cocido-lacon-fiambres-y-mortadela/elpozo/c/13vbF18qf"><label for="brand_description:Elpozo:es" class="custom-checkbox custom-checkbox" data-test-id="custom-checkbox"><input id="brand_description:Elpozo:es" name="Elpozo" value="" class="custom-checkbox__input" type="checkbox"><span tabindex="0" class="custom-checkbox__check-container"><!----></span> Elpozo</label></a></span></li><li class="filter-list__list--input"><span><a class="filter-component" data-test-id="filter-component" href="https://www.dia.es/charcuteria-y-quesos/jamon-cocido-lacon-fiambres-y-mortadela/la-carlotena/c/13vbF19lv"><label for="brand_description:La carloteña:es" class="custom-checkbox custom-checkbox" data-test-id="custom-checkbox"><input id="brand_description:La carloteña:es" name="La carloteña" value="" class="custom-checkbox__input" type="checkbox"><span tabindex="0" class="custom-checkbox__check-container"><!----></span> La carloteña</label></a></span></li><li class="filter-list__list--input"><span><a class="filter-component" data-test-id="filter-component" href="https://www.dia.es/charcuteria-y-quesos/jamon-cocido-lacon-fiambres-y-mortadela/mrm/c/13vbF1bn1"><label for="brand_description:Mrm:es" class="custom-checkbox custom-checkbox" data-test-id="custom-checkbox"><input id="brand_description:Mrm:es" name="Mrm" value="" class="custom-checkbox__input" type="checkbox"><span tabindex="0" class="custom-checkbox__check-container"><!----></span> Mrm</label></a></span></li><li class="filter-list__list--input"><span><a class="filter-component" data-test-id="filter-component" href="https://www.dia.es/charcuteria-y-quesos/jamon-cocido-lacon-fiambres-y-mortadela/nuestra-alacena/c/13vbF18th"><label for="brand_description:Nuestra Alacena:es" class="custom-checkbox custom-checkbox" data-test-id="custom-checkbox"><input id="brand_description:Nuestra Alacena:es" name="Nuestra Alacena" value="" class="custom-checkbox__input" type="checkbox"><span tabindex="0" class="custom-checkbox__check-container"><!----></span> Nuestra Alacena</label></a></span></li><li class="filter-list__list--input"><span><a class="filter-component" data-test-id="filter-component" href="https://www.dia.es/charcuteria-y-quesos/jamon-cocido-lacon-fiambres-y-mortadela/seleccion-mundial/c/13vbF19k1"><label for="brand_description:Selección Mundial:es" class="custom-checkbox custom-checkbox" data-test-id="custom-checkbox"><input id="brand_description:Selección Mundial:es" name="Selección Mundial" value="" class="custom-checkbox__input" type="checkbox"><span tabindex="0" class="custom-checkbox__check-container"><!----></span> Selección Mundial</label></a></span></li><li class="filter-list__list--input"><span><a class="filter-component" data-test-id="filter-component" href="https://www.dia.es/charcuteria-y-quesos/jamon-cocido-lacon-fiambres-y-mortadela/serrano/c/13vbF19oe"><label for="brand_description:Serrano:es" class="custom-checkbox custom-checkbox" data-test-id="custom-checkbox"><input id="brand_description:Serrano:es" name="Serrano" value="" class="custom-checkbox__input" type="checkbox"><span tabindex="0" class="custom-checkbox__check-container"><!----></span> Serrano</label></a></span></li><!--]--></ul><ul class="filter-list__more" data-test-id="filter-list-btn"><li class="filter-list__more--title" data-test-id="filter-list-btn-title">Ver más</li></ul></div><div class="filter-list" data-test-id="filter-list"><p class="filter-list__title" data-test-id="filter-list-title">Presentación <small class="filter-list__title--number" data-test-id="filter-list-options">(0 de 3)</small></p><hr class="filter-list__break"><ul class="filter-list__list" style="max-height: 240px"><!--[--><li class="filter-list__list--input"><span><a class="filter-component" data-test-id="filter-component" href="https://www.dia.es/charcuteria-y-quesos/jamon-cocido-lacon-fiambres-y-mortadela/entero/c/13vbF15wj"><label for="presentation:entero:es" class="custom-checkbox custom-checkbox" data-test-id="custom-checkbox"><input id="presentation:entero:es" name="entero" value="" class="custom-checkbox__input" type="checkbox"><span tabindex="0" class="custom-checkbox__check-container"><!----></span> entero</label></a></span></li><li class="filter-list__list--input"><span><a class="filter-component" data-test-id="filter-component" href="https://www.dia.es/charcuteria-y-quesos/jamon-cocido-lacon-fiambres-y-mortadela/lonchas/c/13vbF15xl"><label for="presentation:lonchas:es" class="custom-checkbox custom-checkbox" data-test-id="custom-checkbox"><input id="presentation:lonchas:es" name="lonchas" value="" class="custom-checkbox__input" type="checkbox"><span tabindex="0" class="custom-checkbox__check-container"><!----></span> lonchas</label></a></span></li><li class="filter-list__list--input"><span><a class="filter-component" data-test-id="filter-component" href="https://www.dia.es/charcuteria-y-quesos/jamon-cocido-lacon-fiambres-y-mortadela/tiras/c/13vbF15z5"><label for="presentation:tiras:es" class="custom-checkbox custom-checkbox" data-test-id="custom-checkbox"><input id="presentation:tiras:es" name="tiras" value="" class="custom-checkbox__input" type="checkbox"><span tabindex="0" class="custom-checkbox__check-container"><!----></span> tiras</label></a></span></li><!--]--></ul><!----></div><!--]--></div><div class="sorting-and-filters-modal__bottom-section"><div data-test-id="sorting-and-filters-modal-buttons" class="sorting-and-filters-modal__buttons"><div class="remove-filters" data-test-id="remove-filters"><div class="remove-filters__no-filters" data-test-id="remove-filters-no-filters">No hay filtros aplicados</div></div><button data-test-id="sort-and-filters-modal-close-button" class="close-button">Cerrar</button></div><!----></div><div class="sorting-and-filters-modal__white-space"></div><!--]--></div></div></div></div></div></div></div><!--]--></div></div></div>
        <script type="module" src="./dia_main_files/entry-client-routing.a90f21f6.js" defer=""></script>
        <link rel="modulepreload" href="https://www.dia.es/plp-front/assets/1-24-0/entries/src_pages_category_index.page.client.e5d156ab.js" as="script" type="text/javascript">
        <link rel="modulepreload" href="https://www.dia.es/plp-front/assets/1-24-0/chunks/chunk-b3976e77.js" as="script" type="text/javascript">
        <link rel="modulepreload" href="https://www.dia.es/plp-front/assets/1-24-0/chunks/chunk-92106a0a.js" as="script" type="text/javascript">
        <link rel="modulepreload" href="https://www.dia.es/plp-front/assets/1-24-0/entries/renderer_default.page.server.extractAssets.4ed993c7.js" as="script" type="text/javascript">
        <link rel="modulepreload" href="https://www.dia.es/plp-front/assets/1-24-0/chunks/chunk-59276f93.js" as="script" type="text/javascript">
        <link rel="modulepreload" href="https://www.dia.es/plp-front/assets/1-24-0/chunks/chunk-f4d86802.js" as="script" type="text/javascript">
        <link rel="modulepreload" href="https://www.dia.es/plp-front/assets/1-24-0/chunks/chunk-8ea1e050.js" as="script" type="text/javascript">
        <link rel="modulepreload" href="https://www.dia.es/plp-front/assets/1-24-0/entries/src_pages_category_index.page.0556a00b.js" as="script" type="text/javascript">
        <link rel="modulepreload" href="https://www.dia.es/plp-front/assets/1-24-0/chunks/chunk-cf010ec4.js" as="script" type="text/javascript">
        <link rel="modulepreload" href="https://www.dia.es/plp-front/assets/1-24-0/chunks/chunk-6e42be3e.js" as="script" type="text/javascript">
        <link rel="modulepreload" href="https://www.dia.es/plp-front/assets/1-24-0/chunks/chunk-4d62ccd9.js" as="script" type="text/javascript">
        <link rel="modulepreload" href="https://www.dia.es/plp-front/assets/1-24-0/chunks/chunk-bbfcd565.js" as="script" type="text/javascript">
        <link rel="modulepreload" href="https://www.dia.es/plp-front/assets/1-24-0/chunks/chunk-905225f6.js" as="script" type="text/javascript">
        <link rel="modulepreload" href="https://www.dia.es/plp-front/assets/1-24-0/chunks/chunk-4a19259a.js" as="script" type="text/javascript">
        <link rel="modulepreload" href="https://www.dia.es/plp-front/assets/1-24-0/entries/renderer_default.page.client.f603b1b0.js" as="script" type="text/javascript">
        <script id="vike_pageContext" type="application/json">{"pageProps":"!undefined","routeParams":{"is404":null},"INITIAL_STATE":{"config":{"ssrHeaders":{"Accept":"application/json, text/plain, */*","Content-Type":"!undefined","cart_id":"84fb8daf-3ca6-4023-99b2-558e76855566","session_id":"a3137460-8fd4-48e4-89bf-8085cd980b22","customer_id":"","x-locale":"es","x-mobile":""},"baseUrl":"https://www.dia.es"},"redirection":{"location":"","redirectionStatus":0},"availableLocales":["es","ca","en","pt"],"selectedLang":"","robotsValue":"index, follow","seo":{"current_category_name":"Jamón cocido, lacón, fiambres y mortadela","description":"Jamón cocido, lacón, fiambres y mortadela","h1":"Jamón cocido, lacón, fiambres y mortadela","title":"Jamón cocido, lacón, fiambres y mortadela"},"cartData":{"id":"","amount":"","postal_code":""},"customerData":{"id":"","display_name":""},"clientNavigationInProgress":false,"plp_items":[{"brand":"Nuestra Alacena","display_name":"Pechuga de pavo Nuestra Alacena sobre 2 x 200 g","expiration_days":0,"image":"/product_images/273810/273810_ISO_0_ES.jpg","object_id":"273810","prices":{"currency":"EUR","discount_percentage":0,"is_club_price":false,"is_promo_price":false,"measure_unit":"KILO","price":3.59,"price_per_unit":8.98,"strikethrough_price":3.59},"product_info":"Sin gluten | Sin lactosa","sku_id":"273810","units_in_cart":0,"units_in_stock":310,"url":"/charcuteria-y-quesos/jamon-cocido-lacon-fiambres-y-mortadela/p/273810","weight":0},{"brand":"Nuestra Alacena","display_name":"Jamón cocido extra Nuestra Alacena sobre 2 x 225 g","expiration_days":0,"image":"/product_images/273957/273957_ISO_0_ES.jpg","object_id":"273957","prices":{"currency":"EUR","discount_percentage":0,"is_club_price":false,"is_promo_price":false,"measure_unit":"KILO","price":3.52,"price_per_unit":7.82,"strikethrough_price":3.52},"product_info":"Sin gluten | Sin lactosa","sku_id":"273957","units_in_cart":0,"units_in_stock":272,"url":"/charcuteria-y-quesos/jamon-cocido-lacon-fiambres-y-mortadela/p/273957","weight":0},{"brand":"Nuestra Alacena","display_name":"Bacon en tiras Nuestra Alacena bandeja 2 x 100 g","expiration_days":0,"image":"/product_images/273750/273750_ISO_0_ES.jpg","object_id":"273750","prices":{"currency":"EUR","discount_percentage":0,"is_club_price":false,"is_promo_price":false,"measure_unit":"KILO","price":1.68,"price_per_unit":8.4,"strikethrough_price":1.68},"product_info":"Sin gluten | Sin lactosa","sku_id":"273750","units_in_cart":0,"units_in_stock":242,"url":"/charcuteria-y-quesos/jamon-cocido-lacon-fiambres-y-mortadela/p/273750","weight":0},{"brand":"Nuestra Alacena","display_name":"Bacon Nuestra Alacena sobre 200 g","expiration_days":0,"image":"/product_images/273749/273749_ISO_0_ES.jpg","object_id":"273749","prices":{"currency":"EUR","discount_percentage":0,"is_club_price":false,"is_promo_price":false,"measure_unit":"KILO","price":1.99,"price_per_unit":9.95,"strikethrough_price":1.99},"product_info":"Sin gluten | Sin lactosa","sku_id":"273749","units_in_cart":0,"units_in_stock":287,"url":"/charcuteria-y-quesos/jamon-cocido-lacon-fiambres-y-mortadela/p/273749","weight":0},{"brand":"Nuestra Alacena","display_name":"Jamón cocido extra 97% carne Nuestra Alacena sobre 150 g","expiration_days":0,"image":"/product_images/273737/273737_ISO_0_ES.jpg","object_id":"273737","prices":{"currency":"EUR","discount_percentage":0,"is_club_price":false,"is_promo_price":false,"measure_unit":"KILO","price":1.99,"price_per_unit":13.27,"strikethrough_price":1.99},"product_info":"Sin gluten | Sin lactosa","sku_id":"273737","units_in_cart":0,"units_in_stock":225,"url":"/charcuteria-y-quesos/jamon-cocido-lacon-fiambres-y-mortadela/p/273737","weight":0},{"brand":"Nuestra Alacena","display_name":"Pechuga de pavo 90% carne Nuestra Alacena sobre 120 g","expiration_days":0,"image":"/product_images/273965/273965_ISO_0_ES.jpg","object_id":"273965","prices":{"currency":"EUR","discount_percentage":0,"is_club_price":false,"is_promo_price":false,"measure_unit":"KILO","price":2.19,"price_per_unit":18.25,"strikethrough_price":2.19},"product_info":"Sin gluten | Sin lactosa","sku_id":"273965","units_in_cart":0,"units_in_stock":295,"url":"/charcuteria-y-quesos/jamon-cocido-lacon-fiambres-y-mortadela/p/273965","weight":0},{"brand":"Elpozo","display_name":"Jamón cocido extra Elpozo 1954 sobre 150 g","expiration_days":0,"image":"/product_images/146710/146710_ISO_0_ES.jpg","object_id":"146710","prices":{"currency":"EUR","discount_percentage":0,"is_club_price":false,"is_promo_price":false,"measure_unit":"KILO","price":2,"price_per_unit":13.33,"strikethrough_price":2},"product_info":"Sin gluten | Sin lactosa","sku_id":"146710","units_in_cart":0,"units_in_stock":177,"url":"/charcuteria-y-quesos/jamon-cocido-lacon-fiambres-y-mortadela/p/146710","weight":0},{"brand":"Nuestra Alacena","display_name":"Mortadela Nuestra Alacena sobre 250 g","expiration_days":0,"image":"/product_images/273960/273960_ISO_0_ES.jpg","object_id":"273960","prices":{"currency":"EUR","discount_percentage":0,"is_club_price":false,"is_promo_price":false,"measure_unit":"KILO","price":1.25,"price_per_unit":5,"strikethrough_price":1.25},"product_info":"Sin gluten","sku_id":"273960","units_in_cart":0,"units_in_stock":74,"url":"/charcuteria-y-quesos/jamon-cocido-lacon-fiambres-y-mortadela/p/273960","weight":0},{"brand":"Elpozo","display_name":"Fiambre de pavo sándwich Elpozo bandeja 270 g","expiration_days":0,"image":"/product_images/178002/178002_ISO_0_ES.jpg","object_id":"178002","prices":{"currency":"EUR","discount_percentage":0,"is_club_price":false,"is_promo_price":false,"measure_unit":"KILO","price":2,"price_per_unit":7.41,"strikethrough_price":2},"product_info":"Sin gluten","sku_id":"178002","units_in_cart":0,"units_in_stock":73,"url":"/charcuteria-y-quesos/jamon-cocido-lacon-fiambres-y-mortadela/p/178002","weight":0},{"brand":"Campofrío","display_name":"Pechuga de pavo Campofrío Finissimas sobre 115 g","expiration_days":0,"image":"/product_images/74043/74043_ISO_0_ES.jpg","object_id":"74043","prices":{"currency":"EUR","discount_percentage":0,"is_club_price":false,"is_promo_price":false,"measure_unit":"KILO","price":2.29,"price_per_unit":19.91,"strikethrough_price":2.29},"product_info":"Sin gluten","sku_id":"74043","units_in_cart":0,"units_in_stock":110,"url":"/charcuteria-y-quesos/jamon-cocido-lacon-fiambres-y-mortadela/p/74043","weight":0},{"brand":"Nuestra Alacena","display_name":"Jamón cocido extra bajo en sal Nuestra Alacena sobre 200 g","expiration_days":0,"image":"/product_images/273736/273736_ISO_0_ES.jpg","object_id":"273736","prices":{"currency":"EUR","discount_percentage":0,"is_club_price":false,"is_promo_price":false,"measure_unit":"KILO","price":1.99,"price_per_unit":9.95,"strikethrough_price":1.99},"product_info":"Sin gluten | Sin lactosa","sku_id":"273736","units_in_cart":0,"units_in_stock":155,"url":"/charcuteria-y-quesos/jamon-cocido-lacon-fiambres-y-mortadela/p/273736","weight":0},{"brand":"Nuestra Alacena","display_name":"Mortadela con aceitunas Nuestra Alacena sobre 250 g","expiration_days":0,"image":"/product_images/273961/273961_ISO_0_ES.jpg","object_id":"273961","prices":{"currency":"EUR","discount_percentage":0,"is_club_price":false,"is_promo_price":false,"measure_unit":"KILO","price":1.45,"price_per_unit":5.8,"strikethrough_price":1.45},"product_info":"Sin gluten","sku_id":"273961","units_in_cart":0,"units_in_stock":76,"url":"/charcuteria-y-quesos/jamon-cocido-lacon-fiambres-y-mortadela/p/273961","weight":0},{"brand":"Nuestra Alacena","display_name":"Jamón de pavo Nuestra Alacena sobre 200 g","expiration_days":0,"image":"/product_images/273733/273733_ISO_0_ES.jpg","object_id":"273733","prices":{"currency":"EUR","discount_percentage":20,"is_club_price":true,"is_promo_price":true,"measure_unit":"KILO","price":1.27,"price_per_unit":6.36,"strikethrough_price":1.59},"product_info":"Sin gluten | Sin lactosa","sku_id":"273733","units_in_cart":0,"units_in_stock":161,"url":"/charcuteria-y-quesos/jamon-cocido-lacon-fiambres-y-mortadela/p/273733","weight":0},{"brand":"Nuestra Alacena","display_name":"Pechuga de pavo bajo en sal Nuestra Alacena sobre 200 g","expiration_days":0,"image":"/product_images/273731/273731_ISO_0_ES.jpg","object_id":"273731","prices":{"currency":"EUR","discount_percentage":0,"is_club_price":false,"is_promo_price":false,"measure_unit":"KILO","price":1.99,"price_per_unit":9.95,"strikethrough_price":1.99},"product_info":"Sin gluten | Sin lactosa","sku_id":"273731","units_in_cart":0,"units_in_stock":212,"url":"/charcuteria-y-quesos/jamon-cocido-lacon-fiambres-y-mortadela/p/273731","weight":0},{"brand":"Nuestra Alacena","display_name":"Lacón ahumado Nuestra Alacena sobre 200 g","expiration_days":0,"image":"/product_images/273745/273745_ISO_0_ES.jpg","object_id":"273745","prices":{"currency":"EUR","discount_percentage":0,"is_club_price":false,"is_promo_price":false,"measure_unit":"KILO","price":2.29,"price_per_unit":11.45,"strikethrough_price":2.29},"product_info":"Sin gluten | Sin lactosa","sku_id":"273745","units_in_cart":0,"units_in_stock":62,"url":"/charcuteria-y-quesos/jamon-cocido-lacon-fiambres-y-mortadela/p/273745","weight":0},{"brand":"Elpozo","display_name":"Bacon en lonchas Elpozo sobre 120 g","expiration_days":0,"image":"/product_images/162311/162311_ISO_0_ES.jpg","object_id":"162311","prices":{"currency":"EUR","discount_percentage":0,"is_club_price":false,"is_promo_price":false,"measure_unit":"KILO","price":1.5,"price_per_unit":12.5,"strikethrough_price":1.5},"product_info":"Sin gluten","sku_id":"162311","units_in_cart":0,"units_in_stock":114,"url":"/charcuteria-y-quesos/jamon-cocido-lacon-fiambres-y-mortadela/p/162311","weight":0},{"brand":"Nuestra Alacena","display_name":"Fiambre sándwich Nuestra Alacena sobre 250 g","expiration_days":0,"image":"/product_images/273740/273740_ISO_0_ES.jpg","object_id":"273740","prices":{"currency":"EUR","discount_percentage":0,"is_club_price":false,"is_promo_price":false,"measure_unit":"KILO","price":1.59,"price_per_unit":6.36,"strikethrough_price":1.59},"product_info":"Sin gluten | Sin lactosa","sku_id":"273740","units_in_cart":0,"units_in_stock":62,"url":"/charcuteria-y-quesos/jamon-cocido-lacon-fiambres-y-mortadela/p/273740","weight":0},{"brand":"Campofrío","display_name":"Pechuga de pavo braseado Campofrío sobre 75 g","expiration_days":0,"image":"/product_images/300740/300740_ISO_0_ES.jpg","object_id":"300740","prices":{"currency":"EUR","discount_percentage":0,"is_club_price":false,"is_promo_price":false,"measure_unit":"KILO","price":1,"price_per_unit":13.33,"strikethrough_price":1},"sku_id":"300740","units_in_cart":0,"units_in_stock":83,"url":"/charcuteria-y-quesos/jamon-cocido-lacon-fiambres-y-mortadela/p/300740","weight":0},{"brand":"Elpozo","display_name":"Jamón de pavo con trufa y boletus Elpozo sobre 120 + 20 g","expiration_days":0,"image":"/product_images/255685/255685_ISO_0_ES.jpg","object_id":"255685","prices":{"currency":"EUR","discount_percentage":0,"is_club_price":false,"is_promo_price":false,"measure_unit":"KILO","price":2,"price_per_unit":16.67,"strikethrough_price":2},"product_info":"Sin gluten | Sin lactosa","sku_id":"255685","units_in_cart":0,"units_in_stock":24,"url":"/charcuteria-y-quesos/jamon-cocido-lacon-fiambres-y-mortadela/p/255685","weight":0},{"brand":"Nuestra Alacena","display_name":"Magro de cerdo cocido Nuestra Alacena lata 200 g","expiration_days":0,"image":"/product_images/66118/66118_ISO_0_ES.jpg","object_id":"66118","prices":{"currency":"EUR","discount_percentage":0,"is_club_price":false,"is_promo_price":false,"measure_unit":"KILO","price":2.35,"price_per_unit":11.75,"strikethrough_price":2.35},"sku_id":"66118","units_in_cart":0,"units_in_stock":91,"url":"/charcuteria-y-quesos/jamon-cocido-lacon-fiambres-y-mortadela/p/66118","weight":0},{"type":"PaginationDivider"}],"productsListKey":0,"total_items":57,"categoriesData":{"selected_id":"","categories":[]},"header":{"cartData":{"postal_code":"28041","total_amount":0,"total_units":0},"customerData":{},"categoriesData":{"categories":[{"children":[{"id":"L2001","level":0,"link":"/charcuteria-y-quesos/jamon-cocido-lacon-fiambres-y-mortadela/c/L2001","name":"Jamón cocido, lacón, fiambres y mortadela"},{"id":"L2004","level":0,"link":"/charcuteria-y-quesos/jamon-curado-y-paleta/c/L2004","name":"Jamón curado y paleta"},{"id":"L2005","level":0,"link":"/charcuteria-y-quesos/lomo-chorizo-fuet-salchichon/c/L2005","name":"Lomo, chorizo, fuet, salchichón"},{"id":"L2007","level":0,"link":"/charcuteria-y-quesos/queso-curado-semicurado-y-tierno/c/L2007","name":"Queso curado, semicurado y tierno"},{"id":"L2008","level":0,"link":"/charcuteria-y-quesos/queso-fresco/c/L2008","name":"Queso fresco"},{"id":"L2009","level":0,"link":"/charcuteria-y-quesos/queso-azul-y-roquefort/c/L2009","name":"Queso azul y roquefort"},{"id":"L2010","level":0,"link":"/charcuteria-y-quesos/quesos-fundidos-y-cremas/c/L2010","name":"Quesos fundidos y cremas"},{"id":"L2011","level":0,"link":"/charcuteria-y-quesos/quesos-internacionales/c/L2011","name":"Quesos internacionales"},{"id":"L2206","level":0,"link":"/charcuteria-y-quesos/salchichas/c/L2206","name":"Salchichas"},{"id":"L2012","level":0,"link":"/charcuteria-y-quesos/foie-pate-y-sobrasada/c/L2012","name":"Foie, paté y sobrasada"}],"icon":"/category_images/L101/L101_icon.png","id":"L101","level":0,"link":"/charcuteria-y-quesos/c/L101","name":"Charcutería y quesos"},{"children":[{"id":"L2202","level":0,"link":"/carniceria/pollo/c/L2202","name":"Pollo"},{"id":"L2013","level":0,"link":"/carniceria/vacuno/c/L2013","name":"Vacuno"},{"id":"L2014","level":0,"link":"/carniceria/cerdo/c/L2014","name":"Cerdo"},{"id":"L2015","level":0,"link":"/carniceria/pavo/c/L2015","name":"Pavo"},{"id":"L2016","level":0,"link":"/carniceria/conejo/c/L2016","name":"Conejo"},{"id":"L2017","level":0,"link":"/carniceria/hamburguesas-y-carne-picada/c/L2017","name":"Hamburguesas y carne picada"}],"icon":"/category_images/L102/L102_icon.png","id":"L102","level":0,"link":"/carniceria/c/L102","name":"Carnicería"},{"children":[{"id":"L2019","level":0,"link":"/pescados-mariscos-y-ahumados/pescados/c/L2019","name":"Pescados"},{"id":"L2194","level":0,"link":"/pescados-mariscos-y-ahumados/mariscos/c/L2194","name":"Mariscos"},{"id":"L2020","level":0,"link":"/pescados-mariscos-y-ahumados/ahumados-salazones-y-preparados/c/L2020","name":"Ahumados, salazones y preparados"},{"id":"L2021","level":0,"link":"/pescados-mariscos-y-ahumados/gulas-y-surimi/c/L2021","name":"Gulas y surimi"}],"icon":"/category_images/L103/L103_icon.png","id":"L103","level":0,"link":"/pescados-mariscos-y-ahumados/c/L103","name":"Pescados, mariscos y ahumados"},{"children":[{"id":"L2022","level":0,"link":"/verduras/ajos-cebollas-y-puerros/c/L2022","name":"Ajos, cebollas y puerros"},{"id":"L2023","level":0,"link":"/verduras/tomates-pimientos-y-pepinos/c/L2023","name":"Tomates, pimientos y pepinos"},{"id":"L2181","level":0,"link":"/verduras/calabacin-calabaza-y-berenjena/c/L2181","name":"Calabacín, calabaza y berenjena"},{"id":"L2024","level":0,"link":"/verduras/judias-brocolis-y-coliflores/c/L2024","name":"Judías, brócolis y coliflores"},{"id":"L2027","level":0,"link":"/verduras/lechuga-escarolas-y-endivias/c/L2027","name":"Lechuga, escarolas y endivias"},{"id":"L2028","level":0,"link":"/verduras/patatas-y-zanahorias/c/L2028","name":"Patatas y zanahorias"},{"id":"L2029","level":0,"link":"/verduras/setas-y-champinones/c/L2029","name":"Setas y champiñones"},{"id":"L2030","level":0,"link":"/verduras/verduras-y-ensaladas-preparadas/c/L2030","name":"Verduras y ensaladas preparadas"},{"id":"L2031","level":0,"link":"/verduras/otras-verduras/c/L2031","name":"Otras verduras"}],"icon":"/category_images/L104/L104_icon.png","id":"L104","level":0,"link":"/verduras/c/L104","name":"Verduras"},{"children":[{"id":"L2032","level":0,"link":"/frutas/manzanas/c/L2032","name":"Manzanas"},{"id":"L2033","level":0,"link":"/frutas/platanos/c/L2033","name":"Platanos"},{"id":"L2034","level":0,"link":"/frutas/peras/c/L2034","name":"Peras"},{"id":"L2196","level":0,"link":"/frutas/naranjas-y-mandarinas/c/L2196","name":"Naranjas y mandarinas"},{"id":"L2035","level":0,"link":"/frutas/uvas/c/L2035","name":"Uvas"},{"id":"L2037","level":0,"link":"/frutas/limones-y-pomelos/c/L2037","name":"Limones y pomelos"},{"id":"L2038","level":0,"link":"/frutas/frutas-del-bosque/c/L2038","name":"Frutas del bosque"},{"id":"L2039","level":0,"link":"/frutas/frutas-tropicales/c/L2039","name":"Frutas tropicales"},{"id":"L2040","level":0,"link":"/frutas/frutas-de-temporada/c/L2040","name":"Frutas de temporada"},{"id":"L2041","level":0,"link":"/frutas/frutas-deshidratadas/c/L2041","name":"Frutas deshidratadas"}],"icon":"/category_images/L105/L105_icon.png","id":"L105","level":0,"link":"/frutas/c/L105","name":"Frutas"},{"children":[{"id":"L2051","level":0,"link":"/leche-huevos-y-mantequilla/leche/c/L2051","name":"Leche"},{"id":"L2052","level":0,"link":"/leche-huevos-y-mantequilla/bebidas-vegetales/c/L2052","name":"Bebidas vegetales"},{"id":"L2053","level":0,"link":"/leche-huevos-y-mantequilla/batidos-y-horchatas/c/L2053","name":"Batidos y horchatas"},{"id":"L2055","level":0,"link":"/leche-huevos-y-mantequilla/huevos/c/L2055","name":"Huevos"},{"id":"L2056","level":0,"link":"/leche-huevos-y-mantequilla/mantequilla-y-margarina/c/L2056","name":"Mantequilla y margarina"},{"id":"L2054","level":0,"link":"/leche-huevos-y-mantequilla/nata/c/L2054","name":"Nata"}],"icon":"/category_images/L108/L108_icon.png","id":"L108","level":0,"link":"/leche-huevos-y-mantequilla/c/L108","name":"Leche, huevos y mantequilla"},{"children":[{"id":"L2078","level":0,"link":"/yogures-y-postres/yogures-bifidus-y-colesterol/c/L2078","name":"Yogures bífidus y colesterol"},{"id":"L2079","level":0,"link":"/yogures-y-postres/yogures-naturales/c/L2079","name":"Yogures naturales"},{"id":"L2080","level":0,"link":"/yogures-y-postres/yogures-desnatados/c/L2080","name":"Yogures desnatados"},{"id":"L2081","level":0,"link":"/yogures-y-postres/yogures-de-sabores-y-frutas/c/L2081","name":"Yogures de sabores y frutas"},{"id":"L2082","level":0,"link":"/yogures-y-postres/griegos-y-mousse/c/L2082","name":"Griegos y mousse"},{"id":"L2083","level":0,"link":"/yogures-y-postres/yogures-infantiles/c/L2083","name":"Yogures infantiles"},{"id":"L2084","level":0,"link":"/yogures-y-postres/yogures-de-soja-y-enriquecidos/c/L2084","name":"Yogures de soja y enriquecidos"},{"id":"L2085","level":0,"link":"/yogures-y-postres/kefir-y-otros-yogures/c/L2085","name":"Kéfir y otros yogures"},{"id":"L2086","level":0,"link":"/yogures-y-postres/cuajada/c/L2086","name":"Cuajada"},{"id":"L2087","level":0,"link":"/yogures-y-postres/arroz-con-leche-y-postre-tradicional/c/L2087","name":"Arroz con leche y postre tradicional"},{"id":"L2088","level":0,"link":"/yogures-y-postres/natillas-y-flan/c/L2088","name":"Natillas y flan"},{"id":"L2089","level":0,"link":"/yogures-y-postres/gelatinas-y-otros-postres/c/L2089","name":"Gelatinas y otros postres"}],"icon":"/category_images/L113/L113_icon.png","id":"L113","level":0,"link":"/yogures-y-postres/c/L113","name":"Yogures y postres"},{"children":[{"id":"L2042","level":0,"link":"/arroz-pastas-y-legumbres/arroz/c/L2042","name":"Arroz"},{"id":"L2044","level":0,"link":"/arroz-pastas-y-legumbres/pastas/c/L2044","name":"Pastas"},{"id":"L2191","level":0,"link":"/arroz-pastas-y-legumbres/garbanzos/c/L2191","name":"Garbanzos"},{"id":"L2178","level":0,"link":"/arroz-pastas-y-legumbres/alubias/c/L2178","name":"Alubias"},{"id":"L2193","level":0,"link":"/arroz-pastas-y-legumbres/lentejas/c/L2193","name":"Lentejas"},{"id":"L2043","level":0,"link":"/arroz-pastas-y-legumbres/quinoa-y-couscous/c/L2043","name":"Quinoa y couscous"}],"icon":"/category_images/L106/L106_icon.png","id":"L106","level":0,"link":"/arroz-pastas-y-legumbres/c/L106","name":"Arroz, pastas y legumbres"},{"children":[{"id":"L2046","level":0,"link":"/aceites-salsas-y-especias/aceites/c/L2046","name":"Aceites"},{"id":"L2047","level":0,"link":"/aceites-salsas-y-especias/vinagres-y-alinos/c/L2047","name":"Vinagres y aliños"},{"id":"L2208","level":0,"link":"/aceites-salsas-y-especias/tomate/c/L2208","name":"Tomate"},{"id":"L2050","level":0,"link":"/aceites-salsas-y-especias/mayonesa-y-otras-salsas/c/L2050","name":"Mayonesa y otras salsas"},{"id":"L2048","level":0,"link":"/aceites-salsas-y-especias/sal-y-especias/c/L2048","name":"Sal y especias"}],"icon":"/category_images/L107/L107_icon.png","id":"L107","level":0,"link":"/aceites-salsas-y-especias/c/L107","name":"Aceites, salsas y especias"},{"children":[{"id":"L2179","level":0,"link":"/conservas-caldos-y-cremas/atun-bonito-y-caballa/c/L2179","name":"Atún, bonito y caballa"},{"id":"L2180","level":0,"link":"/conservas-caldos-y-cremas/berberechos/c/L2180","name":"Berberechos"},{"id":"L2195","level":0,"link":"/conservas-caldos-y-cremas/mejillones/c/L2195","name":"Mejillones"},{"id":"L2207","level":0,"link":"/conservas-caldos-y-cremas/sardinas-y-sardinillas/c/L2207","name":"Sardinas y sardinillas"},{"id":"L2197","level":0,"link":"/conservas-caldos-y-cremas/otras-conservas-de-pescado/c/L2197","name":"Otras conservas de pescado"},{"id":"L2092","level":0,"link":"/conservas-caldos-y-cremas/conservas-vegetales/c/L2092","name":"Conservas vegetales"},{"id":"L2093","level":0,"link":"/conservas-caldos-y-cremas/sopas-caldos-y-pures-deshidratados/c/L2093","name":"Sopas, caldos y purés deshidratados"},{"id":"L2094","level":0,"link":"/conservas-caldos-y-cremas/cremas-y-caldos-liquidos/c/L2094","name":"Cremas y caldos líquidos"}],"icon":"/category_images/L114/L114_icon.png","id":"L114","level":0,"link":"/conservas-caldos-y-cremas/c/L114","name":"Conservas, caldos y cremas"},{"children":[{"id":"L2070","level":0,"link":"/panes-harinas-y-masas/pan-recien-horneado/c/L2070","name":"Pan recien horneado"},{"id":"L2069","level":0,"link":"/panes-harinas-y-masas/pan-de-molde/c/L2069","name":"Pan de molde"},{"id":"L2071","level":0,"link":"/panes-harinas-y-masas/picos-y-panes-tostados/c/L2071","name":"Picos y panes tostados"},{"id":"L2072","level":0,"link":"/panes-harinas-y-masas/pan-rallado/c/L2072","name":"Pan rallado"},{"id":"L2075","level":0,"link":"/panes-harinas-y-masas/harinas-y-levaduras/c/L2075","name":"Harinas y levaduras"},{"id":"L2076","level":0,"link":"/panes-harinas-y-masas/masas-y-hojaldres/c/L2076","name":"Masas y hojaldres"},{"id":"L2077","level":0,"link":"/panes-harinas-y-masas/preparados-para-postres/c/L2077","name":"Preparados para postres"}],"icon":"/category_images/L112/L112_icon.png","id":"L112","level":0,"link":"/panes-harinas-y-masas/c/L112","name":"Panes, harinas y masas"},{"children":[{"id":"L2057","level":0,"link":"/cafe-cacao-e-infusiones/cafe/c/L2057","name":"Café"},{"id":"L2058","level":0,"link":"/cafe-cacao-e-infusiones/cacao-y-solubles/c/L2058","name":"Cacao y solubles"},{"id":"L2059","level":0,"link":"/cafe-cacao-e-infusiones/infusiones/c/L2059","name":"Infusiones"}],"icon":"/category_images/L109/L109_icon.png","id":"L109","level":0,"link":"/cafe-cacao-e-infusiones/c/L109","name":"Café, cacao e infusiones"},{"children":[{"id":"L2060","level":0,"link":"/azucar-chocolates-y-caramelos/azucar-y-edulcorantes/c/L2060","name":"Azucar y edulcorantes"},{"id":"L2061","level":0,"link":"/azucar-chocolates-y-caramelos/miel/c/L2061","name":"Miel"},{"id":"L2062","level":0,"link":"/azucar-chocolates-y-caramelos/mermeladas-y-frutas-en-almibar/c/L2062","name":"Mermeladas y frutas en almibar"},{"id":"L2228","level":0,"link":"/azucar-chocolates-y-caramelos/cremas-de-cacao/c/L2228","name":"Cremas de cacao"},{"id":"L2063","level":0,"link":"/azucar-chocolates-y-caramelos/chocolates-y-bombones/c/L2063","name":"Chocolates y bombones"},{"id":"L2064","level":0,"link":"/azucar-chocolates-y-caramelos/caramelos-chicles-y-golosinas/c/L2064","name":"Caramelos, chicles y golosinas"}],"icon":"/category_images/L110/L110_icon.png","id":"L110","level":0,"link":"/azucar-chocolates-y-caramelos/c/L110","name":"Azúcar, chocolates y caramelos"},{"children":[{"id":"L2065","level":0,"link":"/galletas-bollos-y-cereales/galletas/c/L2065","name":"Galletas"},{"id":"L2066","level":0,"link":"/galletas-bollos-y-cereales/galletas-saladas/c/L2066","name":"Galletas saladas"},{"id":"L2067","level":0,"link":"/galletas-bollos-y-cereales/bolleria/c/L2067","name":"Bollería"},{"id":"L2068","level":0,"link":"/galletas-bollos-y-cereales/cereales/c/L2068","name":"Cereales"},{"id":"L2216","level":0,"link":"/galletas-bollos-y-cereales/tortitas/c/L2216","name":"Tortitas"}],"icon":"/category_images/L111/L111_icon.png","id":"L111","level":0,"link":"/galletas-bollos-y-cereales/c/L111","name":"Galletas, bollos y cereales"},{"children":[{"id":"L2098","level":0,"link":"/patatas-fritas-encurtidos-y-frutos-secos/patatas-fritas-y-snacks/c/L2098","name":"Patatas fritas y snacks"},{"id":"L2096","level":0,"link":"/patatas-fritas-encurtidos-y-frutos-secos/aceitunas-y-encurtidos/c/L2096","name":"Aceitunas y encurtidos"},{"id":"L2097","level":0,"link":"/patatas-fritas-encurtidos-y-frutos-secos/frutos-secos/c/L2097","name":"Frutos secos"}],"icon":"/category_images/L115/L115_icon.png","id":"L115","level":0,"link":"/patatas-fritas-encurtidos-y-frutos-secos/c/L115","name":"Patatas fritas, encurtidos y frutos secos"},{"children":[{"id":"L2101","level":0,"link":"/pizzas-y-platos-preparados/pizzas/c/L2101","name":"Pizzas"},{"id":"L2102","level":0,"link":"/pizzas-y-platos-preparados/precocinados-envasados/c/L2102","name":"Precocinados envasados"},{"id":"L2103","level":0,"link":"/pizzas-y-platos-preparados/comida-internacional/c/L2103","name":"Comida internacional"},{"id":"L2105","level":0,"link":"/pizzas-y-platos-preparados/tortillas-y-empanadas/c/L2105","name":"Tortillas y empanadas"},{"id":"L2106","level":0,"link":"/pizzas-y-platos-preparados/gazpachos-y-salmorejos/c/L2106","name":"Gazpachos y salmorejos"}],"icon":"/category_images/L116/L116_icon.png","id":"L116","level":0,"link":"/pizzas-y-platos-preparados/c/L116","name":"Pizzas y platos preparados"},{"children":[{"id":"L2130","level":0,"link":"/congelados/helados-y-hielo/c/L2130","name":"Helados y hielo"},{"id":"L2131","level":0,"link":"/congelados/pizzas-bases-y-masas/c/L2131","name":"Pizzas, bases y masas"},{"id":"L2132","level":0,"link":"/congelados/pescado-y-marisco/c/L2132","name":"Pescado y marisco"},{"id":"L2133","level":0,"link":"/congelados/carne-y-pollo/c/L2133","name":"Carne y pollo"},{"id":"L2210","level":0,"link":"/congelados/verduras-hortalizas-y-salteados/c/L2210","name":"Verduras, hortalizas y salteados"},{"id":"L2213","level":0,"link":"/congelados/patatas-fritas/c/L2213","name":"Patatas fritas"},{"id":"L2135","level":0,"link":"/congelados/croquetas-y-rebozados/c/L2135","name":"Croquetas y rebozados"},{"id":"L2136","level":0,"link":"/congelados/churros-y-postres/c/L2136","name":"Churros y postres"},{"id":"L2137","level":0,"link":"/congelados/lasanas-y-pasta/c/L2137","name":"Lasañas y pasta"}],"icon":"/category_images/L119/L119_icon.png","id":"L119","level":0,"link":"/congelados/c/L119","name":"Congelados"},{"children":[{"id":"L2107","level":0,"link":"/agua-refrescos-y-zumos/agua/c/L2107","name":"Agua"},{"id":"L2108","level":0,"link":"/agua-refrescos-y-zumos/cola/c/L2108","name":"Cola"},{"id":"L2192","level":0,"link":"/agua-refrescos-y-zumos/gaseosa-soda/c/L2192","name":"Gaseosa, soda"},{"id":"L2212","level":0,"link":"/agua-refrescos-y-zumos/naranja/c/L2212","name":"Naranja"},{"id":"L2109","level":0,"link":"/agua-refrescos-y-zumos/limon-lima-limon/c/L2109","name":"Limón, lima limón"},{"id":"L2111","level":0,"link":"/agua-refrescos-y-zumos/tes-frios-cafes-frios/c/L2111","name":"Tés fríos, cafés frios"},{"id":"L2112","level":0,"link":"/agua-refrescos-y-zumos/tonicas/c/L2112","name":"Tónicas"},{"id":"L2217","level":0,"link":"/agua-refrescos-y-zumos/bebidas-energeticas/c/L2217","name":"Bebidas energéticas"},{"id":"L2114","level":0,"link":"/agua-refrescos-y-zumos/bebidas-isotonicas/c/L2114","name":"Bebidas isotónicas"},{"id":"L2113","level":0,"link":"/agua-refrescos-y-zumos/zumos/c/L2113","name":"Zumos"},{"id":"L2110","level":0,"link":"/agua-refrescos-y-zumos/otras-bebidas/c/L2110","name":"Otras bebidas"}],"icon":"/category_images/L117/L117_icon.png","id":"L117","level":0,"link":"/agua-refrescos-y-zumos/c/L117","name":"Agua, refrescos y zumos"},{"children":[{"id":"L2115","level":0,"link":"/cervezas-vinos-y-bebidas-con-alcohol/cervezas/c/L2115","name":"Cervezas"},{"id":"L2117","level":0,"link":"/cervezas-vinos-y-bebidas-con-alcohol/cervezas-especiales/c/L2117","name":"Cervezas especiales"},{"id":"L2182","level":0,"link":"/cervezas-vinos-y-bebidas-con-alcohol/cervezas-con-limon/c/L2182","name":"Cervezas con limón"},{"id":"L2118","level":0,"link":"/cervezas-vinos-y-bebidas-con-alcohol/cervezas-sin-alcohol/c/L2118","name":"Cervezas sin alcohol"},{"id":"L2119","level":0,"link":"/cervezas-vinos-y-bebidas-con-alcohol/tinto-de-verano-y-sangria/c/L2119","name":"Tinto de verano y sangría"},{"id":"L2120","level":0,"link":"/cervezas-vinos-y-bebidas-con-alcohol/vino-tinto/c/L2120","name":"Vino tinto"},{"id":"L2121","level":0,"link":"/cervezas-vinos-y-bebidas-con-alcohol/vino-blanco/c/L2121","name":"Vino blanco"},{"id":"L2122","level":0,"link":"/cervezas-vinos-y-bebidas-con-alcohol/cavas-y-sidra/c/L2122","name":"Cavas y sidra"},{"id":"L2124","level":0,"link":"/cervezas-vinos-y-bebidas-con-alcohol/vino-rosado/c/L2124","name":"Vino rosado"},{"id":"L2125","level":0,"link":"/cervezas-vinos-y-bebidas-con-alcohol/ginebra-y-vodka/c/L2125","name":"Ginebra y vodka"},{"id":"L2128","level":0,"link":"/cervezas-vinos-y-bebidas-con-alcohol/ron-y-whisky/c/L2128","name":"Ron y whisky"},{"id":"L2127","level":0,"link":"/cervezas-vinos-y-bebidas-con-alcohol/vermouth/c/L2127","name":"Vermouth"},{"id":"L2129","level":0,"link":"/cervezas-vinos-y-bebidas-con-alcohol/cremas-y-licores/c/L2129","name":"Cremas y licores"},{"id":"L2126","level":0,"link":"/cervezas-vinos-y-bebidas-con-alcohol/brandy/c/L2126","name":"Brandy"}],"icon":"/category_images/L118/L118_icon.png","id":"L118","level":0,"link":"/cervezas-vinos-y-bebidas-con-alcohol/c/L118","name":"Cervezas, vinos y bebidas con alcohol"},{"children":[{"id":"L2170","level":0,"link":"/limpieza-y-hogar/cuidado-de-la-ropa/c/L2170","name":"Cuidado de la ropa"},{"id":"L2167","level":0,"link":"/limpieza-y-hogar/lavavajillas/c/L2167","name":"Lavavajillas"},{"id":"L2168","level":0,"link":"/limpieza-y-hogar/papel-higienico-de-cocina-servilletas/c/L2168","name":"Papel higiénico, de cocina, servilletas"},{"id":"L2159","level":0,"link":"/limpieza-y-hogar/utensilios-de-limpieza/c/L2159","name":"Utensilios de limpieza"},{"id":"L2160","level":0,"link":"/limpieza-y-hogar/bolsas-de-basura/c/L2160","name":"Bolsas de basura"},{"id":"L2161","level":0,"link":"/limpieza-y-hogar/lejia-y-otros-quimicos/c/L2161","name":"Lejía y otros químicos"},{"id":"L2162","level":0,"link":"/limpieza-y-hogar/cristales-y-suelos/c/L2162","name":"Cristales y suelos"},{"id":"L2163","level":0,"link":"/limpieza-y-hogar/limpia-muebles-y-multiusos/c/L2163","name":"Limpia muebles y multiusos"},{"id":"L2164","level":0,"link":"/limpieza-y-hogar/limpieza-bano-y-wc/c/L2164","name":"Limpieza baño y WC"},{"id":"L2166","level":0,"link":"/limpieza-y-hogar/limpieza-cocina-y-vitroceramica/c/L2166","name":"Limpieza cocina y vitrocerámica"},{"id":"L2169","level":0,"link":"/limpieza-y-hogar/papel-de-aluminio-horno-y-film/c/L2169","name":"Papel de aluminio, horno y film"},{"id":"L2173","level":0,"link":"/limpieza-y-hogar/insecticidas/c/L2173","name":"Insecticidas"},{"id":"L2226","level":0,"link":"/limpieza-y-hogar/ambientadores/c/L2226","name":"Ambientadores"},{"id":"L2171","level":0,"link":"/limpieza-y-hogar/calzado/c/L2171","name":"Calzado"},{"id":"L2209","level":0,"link":"/limpieza-y-hogar/utiles-del-hogar-pilas-bombillas/c/L2209","name":"Útiles del hogar, pilas, bombillas"}],"icon":"/category_images/L122/L122_icon.png","id":"L122","level":0,"link":"/limpieza-y-hogar/c/L122","name":"Limpieza y hogar"},{"children":[{"id":"L2153","level":0,"link":"/perfumeria-higiene-salud/hidratacion-corporal/c/L2153","name":"Hidratación corporal"},{"id":"L2211","level":0,"link":"/perfumeria-higiene-salud/gel-de-ducha-y-esponjas/c/L2211","name":"Gel de ducha y esponjas"},{"id":"L2151","level":0,"link":"/perfumeria-higiene-salud/cuidado-bucal/c/L2151","name":"Cuidado bucal"},{"id":"L2154","level":0,"link":"/perfumeria-higiene-salud/desodorantes/c/L2154","name":"Desodorantes"},{"id":"L2144","level":0,"link":"/perfumeria-higiene-salud/champu/c/L2144","name":"Champú"},{"id":"L2145","level":0,"link":"/perfumeria-higiene-salud/acondicionadores-y-mascarillas/c/L2145","name":"Acondicionadores y mascarillas"},{"id":"L2146","level":0,"link":"/perfumeria-higiene-salud/espumas-y-fijadores/c/L2146","name":"Espumas y fijadores"},{"id":"L2147","level":0,"link":"/perfumeria-higiene-salud/tintes/c/L2147","name":"Tintes"},{"id":"L2148","level":0,"link":"/perfumeria-higiene-salud/limpieza-facial-crema-facial/c/L2148","name":"Limpieza facial, crema facial"},{"id":"L2186","level":0,"link":"/perfumeria-higiene-salud/quitaesmalte/c/L2186","name":"Quitaesmalte"},{"id":"L2150","level":0,"link":"/perfumeria-higiene-salud/afeitado/c/L2150","name":"Afeitado"},{"id":"L2188","level":0,"link":"/perfumeria-higiene-salud/depilacion/c/L2188","name":"Depilación"},{"id":"L2155","level":0,"link":"/perfumeria-higiene-salud/colonias/c/L2155","name":"Colonias"},{"id":"L2156","level":0,"link":"/perfumeria-higiene-salud/jabon-de-manos/c/L2156","name":"Jabón de manos"},{"id":"L2227","level":0,"link":"/perfumeria-higiene-salud/cremas-solares/c/L2227","name":"Cremas solares"},{"id":"L2158","level":0,"link":"/perfumeria-higiene-salud/compresas-y-cuidado-intimo/c/L2158","name":"Compresas y cuidado íntimo"},{"id":"L2183","level":0,"link":"/perfumeria-higiene-salud/complementos-nutricionales/c/L2183","name":"Complementos nutricionales"},{"id":"L2184","level":0,"link":"/perfumeria-higiene-salud/parafarmacia/c/L2184","name":"Parafarmacia"}],"icon":"/category_images/L121/L121_icon.png","id":"L121","level":0,"link":"/perfumeria-higiene-salud/c/L121","name":"Perfumería, higiene, salud"},{"children":[{"id":"L2138","level":0,"link":"/bebe/papilla/c/L2138","name":"Papilla"},{"id":"L2139","level":0,"link":"/bebe/leche-infantil/c/L2139","name":"Leche infantil"},{"id":"L2141","level":0,"link":"/bebe/potitos-y-tarritos/c/L2141","name":"Potitos y tarritos"},{"id":"L2140","level":0,"link":"/bebe/yogures-bolsitas-de-frutas-y-snacks/c/L2140","name":"Yogures, bolsitas de frutas y snacks"},{"id":"L2142","level":0,"link":"/bebe/panales-y-toallitas/c/L2142","name":"Pañales y toallitas"},{"id":"L2143","level":0,"link":"/bebe/cuidado-del-bebe/c/L2143","name":"Cuidado del bebé"}],"icon":"/category_images/L120/L120_icon.png","id":"L120","level":0,"link":"/bebe/c/L120","name":"Bebé"},{"children":[{"id":"L2174","level":0,"link":"/mascotas/perros/c/L2174","name":"Perros"},{"id":"L2175","level":0,"link":"/mascotas/gatos/c/L2175","name":"Gatos"},{"id":"L2176","level":0,"link":"/mascotas/otros-animales/c/L2176","name":"Otros animales"}],"icon":"/category_images/L123/L123_icon.png","id":"L123","level":0,"link":"/mascotas/c/L123","name":"Mascotas"}],"selected_id":"L2001"},"cartPopUpStatus":false,"showPostalCodeModal":false,"loginStatus":"ANONYMOUS","userAddresses":[],"isValidAddAddress":true,"clientNavigationInProgress":false,"firstSearchCallResolved":false,"searchDataCallResolved":false,"searchDataKey":0,"lastCallIsPaginationCall":false,"searchData":{"total_items":0,"search_items":[],"sort":{},"pagination":{},"search_query_id":"33da4e629f6dc9fbfd03a5e8978c0c1e","facets":[],"applied_filters":[]},"showSearchLayer":false,"searchTerm":"","suggestionTerm":"","searchSortParam":"","searchFilterParams":"","searchFilterDiaParam":"","footer":{"customer_support":[{"id":"cs_1","link":"/l/atencion-al-cliente","text":"Atención al cliente","title":"Atención al cliente"}],"information":[{"icon":"truck","id":"inf_1","text":"Entrega rápida y en la franja horaria que mejor te venga.","title":"Pide hoy, recibe hoy"},{"icon":"euro","id":"inf_2","text":"Envío estándar por 4,99€. Gratis con +100€. Envío express por 4,99€.","title":"Envío desde 4,99€"},{"icon":"Map-pin","id":"inf_3","link":"https://www.dia.es/tiendas/buscador-tiendas-folletos","text":"Localiza tu tienda y descubre las mejores ofertas.","title":"Encuentra tu tienda"},{"icon":"brochure","id":"inf_4","link":"https://www.dia.es/folleto","text":"Descubre las mejores Ofertas.","title":"Folletos"},{"icon":"credit-card","id":"inf_5","link":"/l/tarjeta-club-dia","text":"Solicita tu tarjeta y disfruta las ventajas del club.","title":"Tarjeta CLUB Dia"},{"icon":"bill","id":"inf_6","link":"/l/facturas_3P","text":"Solicita tu factura de Glovo, Uber Eats o Just Eat","title":"Glovo, Uber Eats y Just Eat"}],"legal":[{"id":"legal_1","sct_content_id":3,"text":"Política de privacidad","title":"Política de privacidad"},{"id":"legal_2","link":"/l/politica-cookies","text":"Política de cookies","title":"Política de cookies"},{"id":"legal_3","link":"/l/aviso-legal","text":"Aviso legal","title":"Aviso legal"},{"id":"legal_4","sct_content_id":4,"text":"Condiciones de compra","title":"Condiciones de compra"}],"social_media":[{"icon":"twitter","id":"sm_1","link":"https://twitter.com/dia_group?lang=es","text":"Twitter","title":"Twitter"},{"icon":"facebook","id":"sm_2","link":"https://www.facebook.com/DIAEspana?lang=es","text":"Facebook","title":"Facebook"},{"icon":"instagram","id":"sm_3","link":"https://instagram.com/dia_esp?lang=es","text":"Instagram","title":"Instagram"},{"icon":"tik-tok","id":"sm_4","link":"https://www.tiktok.com/@dia_espana?lang=es","text":"Tik Tok","title":"Tik Tok"},{"icon":"youtube","id":"sm_5","link":"https://www.youtube.com/user/DIAespana","text":"Youtube","title":"Youtube"}],"validate_date":"© 2013 - 2023","webs":[{"id":"web_1","link":"http://blog.dia.es/","text":"El blog de DIA","title":"El blog de DIA"},{"id":"web_2","link":"/l/comer-mejor-cada-dia","text":"Recetas","title":"Recetas"},{"id":"web_3","link":"https://www.dia.es/tiendas/empleo","text":"Empleo","title":"Empleo"},{"id":"web_4","link":"/contacto-proveedores","text":"Colabora con DIA","title":"Colabora con DIA"},{"id":"web_5","link":"https://franquicia.dia.es/","text":"Abre tu tienda","title":"Abre tu tienda"},{"id":"web_6","link":"https://diacorporate.com/","text":"DIA corporate","title":"DIA corporate"}]},"legalConditions":[{"legalConditionTexts":[{"legalText":""}]}]},"cart":{"cartButtonInteractions":0},"localStorage":{},"sessionStorage":{},"reevaluate":{"itemListReevaluate":{},"newPostalCode":"","newAddressId":"","newAddress":null,"skipNormalization":false,"mergedWithPostalCode":false,"skipDryRun":null,"cancellable":false,"reevaluateType":"cart_changed","haveChangesBeenPersisted":false,"disableWindowReloadOnConfirm":false},"analytics":{"initializedAnalytics":false,"initialAnalyticsReceived":false,"analyticsCallCompleted":false,"useInitializeAnalytics":true,"initialDatalayer":{},"pageFields":{},"pageProductsAnalytics":{},"auxPageProductsAnalytics":{},"carouselProductsAnalytics":{},"auxCarouselProductsAnalytics":{},"adsProductsAnalytics":{},"searchProductsAnalytics":{},"auxSearchProductsAnalytics":{},"menuAnalytics":{},"footerAnalytics":{},"corporateContents":{},"auxCorporateContentsAnalytics":{},"filtersAnalytics":{},"auxFiltersAnalytics":{},"productAnalytics":null,"scrolledPercentage":0,"initialDatalayerAdded":false},"adPlacements":{"ad_placements":{"monetized":[],"corporate":{"id":"","sections":[]}},"monetizedPageUid":"","targeting":{},"insightCallComplete":false,"horizontalBannerIndex":{"key":0,"newIndex":-1,"oldIndex":-1}},"address":{"deydeToken":{},"provinces":[],"deydeViaCp":[]},"pagination":{"pagination":{"page_number":1,"page_size":20,"total_pages":3},"firstPageFetched":false,"lastPrevPageFetched":1,"lastNextPageFetched":1,"lastPageFetched":1,"paginationInProcess":false,"currentPage":1},"sortAndFilters":{"facetsAndFilters":[{"field":"brand_description","field_name":"Marca","filters":[{"count":6,"enabled":true,"id":"brand_description:Campofrío:es","title":"Campofrío","url":"/charcuteria-y-quesos/jamon-cocido-lacon-fiambres-y-mortadela/campofrio/c/13vbF1bjy"},{"count":10,"enabled":true,"id":"brand_description:Elpozo:es","title":"Elpozo","url":"/charcuteria-y-quesos/jamon-cocido-lacon-fiambres-y-mortadela/elpozo/c/13vbF18qf"},{"count":1,"enabled":true,"id":"brand_description:La carloteña:es","title":"La carloteña","url":"/charcuteria-y-quesos/jamon-cocido-lacon-fiambres-y-mortadela/la-carlotena/c/13vbF19lv"},{"count":2,"enabled":true,"id":"brand_description:Mrm:es","title":"Mrm","url":"/charcuteria-y-quesos/jamon-cocido-lacon-fiambres-y-mortadela/mrm/c/13vbF1bn1"},{"count":36,"enabled":true,"id":"brand_description:Nuestra Alacena:es","title":"Nuestra Alacena","url":"/charcuteria-y-quesos/jamon-cocido-lacon-fiambres-y-mortadela/nuestra-alacena/c/13vbF18th"},{"count":1,"enabled":true,"id":"brand_description:Selección Mundial:es","title":"Selección Mundial","url":"/charcuteria-y-quesos/jamon-cocido-lacon-fiambres-y-mortadela/seleccion-mundial/c/13vbF19k1"},{"count":1,"enabled":true,"id":"brand_description:Serrano:es","title":"Serrano","url":"/charcuteria-y-quesos/jamon-cocido-lacon-fiambres-y-mortadela/serrano/c/13vbF19oe"}],"selected_count":0},{"field":"caffeine_free","field_name":"Sin cafeina","filters":[{"count":56,"enabled":true,"id":"caffeine_free:No Aplica:es","title":"No Aplica","url":"/charcuteria-y-quesos/jamon-cocido-lacon-fiambres-y-mortadela/sin-cafeina/c/13vbF1dw6"}],"selected_count":0},{"field":"dia_brand","filters":[{"count":20,"enabled":true,"id":"dia_brand:false:es","title":"false","url":"/charcuteria-y-quesos/jamon-cocido-lacon-fiambres-y-mortadela/dia/c/13vbF15vx"},{"count":37,"enabled":true,"id":"dia_brand:true:es","title":"true","url":"/charcuteria-y-quesos/jamon-cocido-lacon-fiambres-y-mortadela/dia/c/13vbF15vz"}],"selected_count":0},{"field":"gluten_free","field_name":"Sin gluten","filters":[{"count":1,"enabled":true,"id":"gluten_free:NO:es","title":"NO","url":"/charcuteria-y-quesos/jamon-cocido-lacon-fiambres-y-mortadela/sin-gluten/c/13vbF18vy"},{"count":2,"enabled":true,"id":"gluten_free:No Aplica:es","title":"No Aplica","url":"/charcuteria-y-quesos/jamon-cocido-lacon-fiambres-y-mortadela/sin-gluten/c/13vbF18vl"},{"count":53,"enabled":true,"id":"gluten_free:SI:es","title":"SI","url":"/charcuteria-y-quesos/jamon-cocido-lacon-fiambres-y-mortadela/sin-gluten/c/13vbF18vq"}],"selected_count":0},{"field":"lactose_free","field_name":"Sin lactosa","filters":[{"count":11,"enabled":true,"id":"lactose_free:NO:es","title":"NO","url":"/charcuteria-y-quesos/jamon-cocido-lacon-fiambres-y-mortadela/sin-lactosa/c/13vbF18vr"},{"count":12,"enabled":true,"id":"lactose_free:No Aplica:es","title":"No Aplica","url":"/charcuteria-y-quesos/jamon-cocido-lacon-fiambres-y-mortadela/sin-lactosa/c/13vbF18vk"},{"count":33,"enabled":true,"id":"lactose_free:SI:es","title":"SI","url":"/charcuteria-y-quesos/jamon-cocido-lacon-fiambres-y-mortadela/sin-lactosa/c/13vbF18vs"}],"selected_count":0},{"field":"nuts_free","field_name":"Sin frutos secos","filters":[{"count":1,"enabled":true,"id":"nuts_free:NO:es","title":"NO","url":"/charcuteria-y-quesos/jamon-cocido-lacon-fiambres-y-mortadela/sin-frutos-secos/c/13vbF18w1"},{"count":19,"enabled":true,"id":"nuts_free:No Aplica:es","title":"No Aplica","url":"/charcuteria-y-quesos/jamon-cocido-lacon-fiambres-y-mortadela/sin-frutos-secos/c/13vbF18vm"},{"count":36,"enabled":true,"id":"nuts_free:SI:es","title":"SI","url":"/charcuteria-y-quesos/jamon-cocido-lacon-fiambres-y-mortadela/sin-frutos-secos/c/13vbF18vz"}],"selected_count":0},{"field":"presentation","field_name":"Presentación","filters":[{"count":7,"enabled":true,"id":"presentation:entero:es","title":"entero","url":"/charcuteria-y-quesos/jamon-cocido-lacon-fiambres-y-mortadela/entero/c/13vbF15wj"},{"count":45,"enabled":true,"id":"presentation:lonchas:es","title":"lonchas","url":"/charcuteria-y-quesos/jamon-cocido-lacon-fiambres-y-mortadela/lonchas/c/13vbF15xl"},{"count":1,"enabled":true,"id":"presentation:tiras:es","title":"tiras","url":"/charcuteria-y-quesos/jamon-cocido-lacon-fiambres-y-mortadela/tiras/c/13vbF15z5"}],"selected_count":0},{"field":"salt_free","field_name":"Bajo en sal","filters":[{"count":52,"enabled":true,"id":"salt_free:No Aplica:es","title":"No Aplica","url":"/charcuteria-y-quesos/jamon-cocido-lacon-fiambres-y-mortadela/sin-sal/c/13vbF1dw3"},{"count":4,"enabled":true,"id":"salt_free:SI:es","title":"SI","url":"/charcuteria-y-quesos/jamon-cocido-lacon-fiambres-y-mortadela/sin-sal/c/13vbF1dw8"}],"selected_count":0}],"appliedFilters":[],"currentCategoryUrl":"/charcuteria-y-quesos/jamon-cocido-lacon-fiambres-y-mortadela/c/L2001","diaBrandUri":"!undefined","sort":"rating,desc"},"lists":{"showCreateAndUpdateListModal":false,"renderListModalComponent":false,"customerLists":[],"maxLists":false},"apiEnvironmentVariables":{"domain":"www.dia.es","listsEnabled":"false","mobileInitialItems":4,"desktopInitialItems":10,"banners":{"google":{"googleBannerEnabled":true,"googleClientId":"22786896130","googleBannerEnv":"dia-prod","googleBannerPosition":"banner_integrado_card","googleRetriesNumber":15},"server2server":{"server2ServerBannersEnabled":true}},"analytics":{"enabled":"true","id":"GTM-N9J2VZR","useNewSearchAnalytics":"true","disableEvents":"","enableCriteoEvents":"true"},"maxFiltersToApply":"5","cookies":{"productionCookie":"true","cookieEnabled":"true","oneTrustAutoBlockEnabled":"false","cookieScriptId":"5a716931-44b0-415f-9bf7-3a94d961c123"},"search":{"minCharsToSearch":2,"debounceMilliseconds":"500","searchMaxFiltersToApply":30},"surveyButton":{"enableSurveyButton":false,"surveyIdentifier":"simon/SGnB9M","esDataMessage":"","enDataMessage":"","caDataMessage":"","ptDataMessage":""}},"canonical":"https://www.dia.es/charcuteria-y-quesos/jamon-cocido-lacon-fiambres-y-mortadela/c/L2001"},"endpoints":{"plp":{"client":"https://www.dia.es/api/v1/plp-back","server":"http://plp-back-api-service-v1.plp.svc.cluster.local:8080"},"cart":{"client":"https://www.dia.es/api/v1/cart","server":"http://cart-api-service-v1.checkout.svc.cluster.local:8080"},"commonAggregator":{"client":"https://www.dia.es/api/v1/common-aggregator","server":"http://common-aggregator-api-service-v1.commonweb.svc.cluster.local:8080"},"search":{"client":"https://www.dia.es/api/v1/search-back","server":"http://search-back-api-service-v1.commonweb.svc.cluster.local:8080"},"insightSearch":{"client":"https://www.dia.es/api/v1/search-insight","server":"http://search-insight-api-service-v1.search.svc.cluster.local:8080"},"insight":{"client":"https://www.dia.es/api/v1/plp-insight","server":"http://plp-insight-api-service-v1.plp.svc.cluster.local:8080"},"sct":{"client":"https://api-customers.dia.es","server":"https://api-customers.dia.es"},"deyde":{"client":"https://ws2.deyde.com","server":"https://ws2.deyde.com"},"list":{"client":"https://www.dia.es/api/v1/list-back","server":"http://list-back-api-service-v1.list.svc.cluster.local:8080"}},"envVariables":{"logLevel":"INFO","projectId":"dia-es-ecom-pro","apiEnvironmentVariables":{"domain":"www.dia.es","listsEnabled":"false","mobileInitialItems":4,"desktopInitialItems":10,"banners":{"google":{"googleBannerEnabled":true,"googleClientId":"22786896130","googleBannerEnv":"dia-prod","googleBannerPosition":"banner_integrado_card","googleRetriesNumber":15},"server2server":{"server2ServerBannersEnabled":true}},"analytics":{"enabled":"true","id":"GTM-N9J2VZR","useNewSearchAnalytics":"true","disableEvents":"","enableCriteoEvents":"true"},"maxFiltersToApply":"5","cookies":{"productionCookie":"true","cookieEnabled":"true","oneTrustAutoBlockEnabled":"false","cookieScriptId":"5a716931-44b0-415f-9bf7-3a94d961c123"},"search":{"minCharsToSearch":2,"debounceMilliseconds":"500","searchMaxFiltersToApply":30},"surveyButton":{"enableSurveyButton":false,"surveyIdentifier":"simon/SGnB9M","esDataMessage":"","enDataMessage":"","caDataMessage":"","ptDataMessage":""}},"baseUrl":"https://www.dia.es"},"finalHeaders":{"Accept":"application/json, text/plain, */*","Content-Type":"!undefined","cart_id":"84fb8daf-3ca6-4023-99b2-558e76855566","session_id":"a3137460-8fd4-48e4-89bf-8085cd980b22","customer_id":"","x-locale":"es","x-mobile":""},"serverOriginalUrl":"/charcuteria-y-quesos/jamon-cocido-lacon-fiambres-y-mortadela/c/L2001?filters=categories%3AL2001%3Aes&locale=es&navigation=L2001&page=1&seo=","abortReason":"!undefined","_urlRewrite":null,"_urlRedirect":"!undefined","abortStatusCode":"!undefined","_abortCall":"!undefined","_pageContextInitHasClientData":true,"_pageId":"/src/pages/category/index"}</script>
      
    <iframe style="display: none;" name="__tcfapiLocator" title="CMP Locator" src="./dia_main_files/saved_resource.html"></iframe><div id="onetrust-consent-sdk"><div class="onetrust-pc-dark-filter ot-hide ot-fade-in"></div><div id="onetrust-pc-sdk" class="otPcCenter ot-hide ot-fade-in ot-leg-opt-out ot-leg-btn" lang="es" aria-label="Preference center" role="region"><div role="alertdialog" aria-modal="true" aria-describedby="ot-pc-desc" style="height: 100%;" aria-label="Acerca de tu privacidad"><!-- Close Button --><div class="ot-pc-header"><!-- Logo Tag --><div class="ot-pc-logo" role="img" aria-label="Logotipo de la empresa"><img alt="Logotipo de la empresa" src="./dia_main_files/logoDIA_pastilla.png"></div></div><!-- Close Button --><div id="ot-pc-content" class="ot-pc-scrollbar"><div class="ot-optout-signal ot-hide"><div class="ot-optout-icon"><svg xmlns="http://www.w3.org/2000/svg"><path class="ot-floating-button__svg-fill" d="M14.588 0l.445.328c1.807 1.303 3.961 2.533 6.461 3.688 2.015.93 4.576 1.746 7.682 2.446 0 14.178-4.73 24.133-14.19 29.864l-.398.236C4.863 30.87 0 20.837 0 6.462c3.107-.7 5.668-1.516 7.682-2.446 2.709-1.251 5.01-2.59 6.906-4.016zm5.87 13.88a.75.75 0 00-.974.159l-5.475 6.625-3.005-2.997-.077-.067a.75.75 0 00-.983 1.13l4.172 4.16 6.525-7.895.06-.083a.75.75 0 00-.16-.973z" fill="#FFF" fill-rule="evenodd"></path></svg></div><span></span></div><h2 id="ot-pc-title">Acerca de tu privacidad</h2><div id="ot-pc-desc">Tratamos los datos para ofrecer contenido o publicidad, y medimos esta oferta o publicidad para extraer información acerca de nuestro sitio. Compartimos esta información con nuestros asociados en función del consentimiento otorgado y los intereses legítimos. Se podrá ejercer el derecho al consentimiento u objeción a un interés legítimo en función de un propósito específico a continuación, o a nivel de asociado, en el enlace a continuación de cada propósito. Estas opciones se informarán a nuestros proveedores que participan en el Marco de trabajo de transparencia y consentimiento.
            <br><a href="https://www.dia.es/l/politica-cookies" class="privacy-notice-link" rel="noopener" target="_blank" aria-label="Más información sobre su privacidad, se abre en una nueva pestaña">Más información</a></div><button id="accept-recommended-btn-handler">Permitirlas todas</button><section class="ot-sdk-row ot-cat-grp"><h3 id="ot-category-title">Gestionar las preferencias de consentimiento</h3><div class="ot-accordion-layout ot-cat-item ot-vs-config" data-optanongroupid="C0001"><button aria-expanded="false" ot-accordion="true" aria-controls="ot-desc-id-C0001" aria-labelledby="ot-header-id-C0001 ot-status-id-C0001"></button><!-- Accordion header --><div class="ot-acc-hdr ot-always-active-group"><div class="ot-plus-minus"><span></span><span></span></div><h4 class="ot-cat-header" id="ot-header-id-C0001">Cookies estrictamente necesarias<span class="ot-pur-vdr-count"> 0 proveedores pueden usar este propósito </span></h4><div id="ot-status-id-C0001" class="ot-always-active">Activas siempre</div></div><!-- accordion detail --><div class="ot-acc-grpcntr ot-acc-txt"><p class="ot-acc-grpdesc ot-category-desc" id="ot-desc-id-C0001">Estas cookies son necesarias para que el sitio web funcione y no se pueden desactivar en nuestros sistemas. Usualmente están configuradas para responder a acciones hechas por usted para recibir servicios, tales como ajustar sus preferencias de privacidad, iniciar sesión en el sitio, o llenar formularios. Usted puede configurar su navegador para bloquear o alertar la presencia de estas cookies, pero algunas partes del sitio web no funcionarán. Estas cookies no guardan ninguna información personal identificable.</p><div class="ot-subgrp-cntr"><ul class="ot-subgrps"><li class="ot-subgrp" data-optanongroupid="ISP2V2_1"><h5>Garantizar la seguridad, evitar y detectar fraudes, y eliminar fallos<span class="ot-pur-vdr-count"> 3 proveedores pueden usar este propósito </span></h5><div class="ot-tgl-cntr ot-subgrp-tgl"><div class="ot-tgl ot-hide-tgl"><input type="checkbox" name="switch" id="ot-sub-group-id-ISP2V2_1" role="switch" data-optanongroupid="ISP2V2_1" class="cookie-subgroup-handler" aria-label="Garantizar la seguridad, evitar y detectar fraudes, y eliminar fallos" aria-hidden="true"> <label class="ot-switch" for="ot-sub-group-id-ISP2V2_1"><span class="ot-switch-nob" aria-checked="false" role="switch"></span> <span class="ot-label-txt">Switch Label</span></label> <span class="ot-label-status">label</span></div></div><p class="ot-subgrp-desc">Tus datos pueden utilizarse para supervisar y evitar las actividades inusuales y potencialmente fraudulentas (por ejemplo, en relación con la publicidad, o con actividad realizada por bots), así como para asegurar que los sistemas y los procesos funcionen de forma correcta y segura. Asimismo, se puede utilizar para corregir cualquier problema que tú, el editor/medio de comunicación o el anunciante podáis encontraros a la hora de la entrega del contenido y los anuncios, así como en tu interacción con ellos.</p><button class="ot-link-btn ot-pgph-link ot-pgph-link-subgroup" aria-label="Ver ilustraciones" data-parent-id="ISP2V2_1">Ver ilustraciones&nbsp;</button></li></ul></div><div class="ot-subgrp-cntr"><ul class="ot-subgrps"><li class="ot-subgrp" data-optanongroupid="ISP2V2_2"><h5>Ofrecer y presentar publicidad y contenido
<span class="ot-pur-vdr-count"> 2 proveedores pueden usar este propósito </span></h5><div class="ot-tgl-cntr ot-subgrp-tgl"><div class="ot-tgl ot-hide-tgl"><input type="checkbox" name="switch" id="ot-sub-group-id-ISP2V2_2" role="switch" data-optanongroupid="ISP2V2_2" class="cookie-subgroup-handler" aria-label="Ofrecer y presentar publicidad y contenido
" aria-hidden="true"> <label class="ot-switch" for="ot-sub-group-id-ISP2V2_2"><span class="ot-switch-nob" aria-checked="false" role="switch"></span> <span class="ot-label-txt">Switch Label</span></label> <span class="ot-label-status">label</span></div></div><p class="ot-subgrp-desc">Cierta información (como una dirección IP o las capacidades del dispositivo) se utiliza para garantizar la compatibilidad técnica del contenido o de la publicidad, así como para facilitar la transmisión del contenido o del anuncio a tu dispositivo.</p><button class="ot-link-btn ot-pgph-link ot-pgph-link-subgroup" aria-label="Ver ilustraciones" data-parent-id="ISP2V2_2">Ver ilustraciones&nbsp;</button></li></ul></div><div class="ot-subgrp-cntr"><ul class="ot-subgrps"><li class="ot-subgrp" data-optanongroupid="IFE2V2_1"><h5>Cotejo y combinación de datos procedentes de otras fuentes de información<span class="ot-pur-vdr-count"> 3 proveedores pueden usar este propósito </span></h5><div class="ot-tgl-cntr ot-subgrp-tgl"><div class="ot-tgl ot-hide-tgl"><input type="checkbox" name="switch" id="ot-sub-group-id-IFE2V2_1" role="switch" data-optanongroupid="IFE2V2_1" class="cookie-subgroup-handler" aria-label="Cotejo y combinación de datos procedentes de otras fuentes de información" aria-hidden="true"> <label class="ot-switch" for="ot-sub-group-id-IFE2V2_1"><span class="ot-switch-nob" aria-checked="false" role="switch"></span> <span class="ot-label-txt">Switch Label</span></label> <span class="ot-label-status">label</span></div></div><p class="ot-subgrp-desc">La información en relación con tu actividad en este servicio puede cotejarse y combinarse con otra información sobre tu persona procedente de diversas fuentes (por ejemplo, tu actividad en un servicio en línea independiente, tu uso de una tarjeta de fidelización en la tienda o tus respuestas a una encuesta) en apoyo de los fines que se explican en este documento.</p></li></ul></div><div class="ot-subgrp-cntr"><ul class="ot-subgrps"><li class="ot-subgrp" data-optanongroupid="IFE2V2_2"><h5>Vincular diferentes dispositivos
<span class="ot-pur-vdr-count"> 3 proveedores pueden usar este propósito </span></h5><div class="ot-tgl-cntr ot-subgrp-tgl"><div class="ot-tgl ot-hide-tgl"><input type="checkbox" name="switch" id="ot-sub-group-id-IFE2V2_2" role="switch" data-optanongroupid="IFE2V2_2" class="cookie-subgroup-handler" aria-label="Vincular diferentes dispositivos
" aria-hidden="true"> <label class="ot-switch" for="ot-sub-group-id-IFE2V2_2"><span class="ot-switch-nob" aria-checked="false" role="switch"></span> <span class="ot-label-txt">Switch Label</span></label> <span class="ot-label-status">label</span></div></div><p class="ot-subgrp-desc">En apoyo de las finalidades que se explican en este documento, tú dispositivo podría considerarse como vinculado a otros dispositivos que te pertenezcan o sean de tu hogar(por ejemplo, porque ha iniciado sesión en el mismo servicio tanto desde tu teléfono como desde tu ordenador, o porque podrías haber utilizado la misma conexión a Internet en ambos dispositivos).</p></li></ul></div><div class="ot-subgrp-cntr"><ul class="ot-subgrps"><li class="ot-subgrp" data-optanongroupid="IFE2V2_3"><h5>Identificación de dispositivos en función de la información transmitida de forma automática<span class="ot-pur-vdr-count"> 2 proveedores pueden usar este propósito </span></h5><div class="ot-tgl-cntr ot-subgrp-tgl"><div class="ot-tgl ot-hide-tgl"><input type="checkbox" name="switch" id="ot-sub-group-id-IFE2V2_3" role="switch" data-optanongroupid="IFE2V2_3" class="cookie-subgroup-handler" aria-label="Identificación de dispositivos en función de la información transmitida de forma automática" aria-hidden="true"> <label class="ot-switch" for="ot-sub-group-id-IFE2V2_3"><span class="ot-switch-nob" aria-checked="false" role="switch"></span> <span class="ot-label-txt">Switch Label</span></label> <span class="ot-label-status">label</span></div></div><p class="ot-subgrp-desc">Tu dispositivo podría distinguirse de otros en función de la información que envía de forma automática al acceder a Internet (por ejemplo, la dirección IP de tu conexión a Internet o el tipo de navegador que estás utilizando) en apoyo de los fines que se exponen en este documento.</p></li></ul></div><div class="ot-vlst-cntr"><button class="ot-link-btn category-vendors-list-handler" aria-label="El botón Detalles del proveedor de la IAB abre el menú Lista de proveedores" data-parent-id="C0001">Lista de proveedores IAB‎</button></div><div class="ot-hlst-cntr"><button class="ot-link-btn category-host-list-handler" aria-label="El botón Detalles de cookies abre el menú Lista de cookies" data-parent-id="C0001">Información de las cookies‎</button></div></div></div><div class="ot-accordion-layout ot-cat-item ot-vs-config" data-optanongroupid="C0003"><button aria-expanded="false" ot-accordion="true" aria-controls="ot-desc-id-C0003" aria-labelledby="ot-header-id-C0003 ot-status-id-C0003"></button><!-- Accordion header --><div class="ot-acc-hdr"><div class="ot-plus-minus"><span></span><span></span></div><h4 class="ot-cat-header" id="ot-header-id-C0003">Cookies de funcionalidad</h4><div class="ot-tgl"><input type="checkbox" name="ot-group-id-C0003" id="ot-group-id-C0003" role="switch" class="category-switch-handler" data-optanongroupid="C0003" aria-labelledby="ot-header-id-C0003"> <label class="ot-switch" for="ot-group-id-C0003"><span class="ot-switch-nob" aria-checked="false" role="switch" aria-label="Cookies de funcionalidad"></span> <span class="ot-label-txt">Cookies de funcionalidad</span></label> </div></div><!-- accordion detail --><div class="ot-acc-grpcntr ot-acc-txt"><p class="ot-acc-grpdesc ot-category-desc" id="ot-desc-id-C0003">Estas cookies permiten que el sitio ofrezca una mejor funcionalidad y personalización. Pueden ser establecidas por nosotros o por terceras partes cuyos servicios hemos agregado a nuestras páginas. Si no permite estas cookies algunos de nuestros servicios no funcionarán correctamente.</p><div class="ot-hlst-cntr"><button class="ot-link-btn category-host-list-handler" aria-label="El botón Detalles de cookies abre el menú Lista de cookies" data-parent-id="C0003">Información de las cookies‎</button></div></div></div><div class="ot-accordion-layout ot-cat-item ot-vs-config" data-optanongroupid="C0002"><button aria-expanded="false" ot-accordion="true" aria-controls="ot-desc-id-C0002" aria-labelledby="ot-header-id-C0002 ot-status-id-C0002"></button><!-- Accordion header --><div class="ot-acc-hdr"><div class="ot-plus-minus"><span></span><span></span></div><h4 class="ot-cat-header" id="ot-header-id-C0002">Cookies de estadísticas</h4><div class="ot-tgl"><input type="checkbox" name="ot-group-id-C0002" id="ot-group-id-C0002" role="switch" class="category-switch-handler" data-optanongroupid="C0002" aria-labelledby="ot-header-id-C0002"> <label class="ot-switch" for="ot-group-id-C0002"><span class="ot-switch-nob" aria-checked="false" role="switch" aria-label="Cookies de estadísticas"></span> <span class="ot-label-txt">Cookies de estadísticas</span></label> </div></div><!-- accordion detail --><div class="ot-acc-grpcntr ot-acc-txt"><p class="ot-acc-grpdesc ot-category-desc" id="ot-desc-id-C0002">Estas cookies nos permiten contar las visitas y fuentes de circulación para poder medir y mejorar el desempeño de nuestro sitio. Nos ayudan a saber qué páginas son las más o menos populares, y ver cuántas personas visitan el sitio. Toda la información que recogen estas cookies es agregada y, por lo tanto, anónima. Si no permite estas cookies no sabremos cuándo visitó nuestro sitio, y por lo tanto no podremos saber cuándo lo visitó.</p><div class="ot-hlst-cntr"><button class="ot-link-btn category-host-list-handler" aria-label="El botón Detalles de cookies abre el menú Lista de cookies" data-parent-id="C0002">Información de las cookies‎</button></div></div></div><div class="ot-accordion-layout ot-cat-item ot-vs-config" data-optanongroupid="C0004"><button aria-expanded="false" ot-accordion="true" aria-controls="ot-desc-id-C0004" aria-labelledby="ot-header-id-C0004 ot-status-id-C0004"></button><!-- Accordion header --><div class="ot-acc-hdr"><div class="ot-plus-minus"><span></span><span></span></div><h4 class="ot-cat-header" id="ot-header-id-C0004">Cookies de marketing</h4><div class="ot-tgl"><input type="checkbox" name="ot-group-id-C0004" id="ot-group-id-C0004" role="switch" class="category-switch-handler" data-optanongroupid="C0004" aria-labelledby="ot-header-id-C0004"> <label class="ot-switch" for="ot-group-id-C0004"><span class="ot-switch-nob" aria-checked="false" role="switch" aria-label="Cookies de marketing"></span> <span class="ot-label-txt">Cookies de marketing</span></label> </div></div><!-- accordion detail --><div class="ot-acc-grpcntr ot-acc-txt"><p class="ot-acc-grpdesc ot-category-desc" id="ot-desc-id-C0004">Estas cookies pueden estar en todo el sitio web, colocadas por nuestros socios publicitarios. Estos negocios pueden utilizarlas para crear un perfil de sus intereses y mostrarle anuncios relevantes en otros sitios. No almacenan información personal directamente, sino que se basan en la identificación única de su navegador y dispositivo de acceso al Internet. Si no permite estas cookies, tendrá menos publicidad dirigida.</p><div class="ot-hlst-cntr"><button class="ot-link-btn category-host-list-handler" aria-label="El botón Detalles de cookies abre el menú Lista de cookies" data-parent-id="C0004">Información de las cookies‎</button></div></div></div><div class="ot-accordion-layout ot-cat-item ot-vs-config" data-optanongroupid="IAB2V2_1"><button aria-expanded="false" ot-accordion="true" aria-controls="ot-desc-id-IAB2V2_1" aria-labelledby="ot-header-id-IAB2V2_1 ot-status-id-IAB2V2_1"></button><!-- Accordion header --><div class="ot-acc-hdr"><div class="ot-plus-minus"><span></span><span></span></div><h4 class="ot-cat-header" id="ot-header-id-IAB2V2_1">Almacenar la información en un dispositivo y/o acceder a ella

<span class="ot-pur-vdr-count"> 3 proveedores pueden usar este propósito </span></h4><div class="ot-tgl"><input type="checkbox" name="ot-group-id-IAB2V2_1" id="ot-group-id-IAB2V2_1" role="switch" class="category-switch-handler" data-optanongroupid="IAB2V2_1" aria-labelledby="ot-header-id-IAB2V2_1"> <label class="ot-switch" for="ot-group-id-IAB2V2_1"><span class="ot-switch-nob" aria-checked="false" role="switch" aria-label="Almacenar la información en un dispositivo y/o acceder a ella

"></span> <span class="ot-label-txt">Almacenar la información en un dispositivo y/o acceder a ella

</span></label> </div></div><!-- accordion detail --><div class="ot-acc-grpcntr ot-acc-txt"><p class="ot-acc-grpdesc ot-category-desc" id="ot-desc-id-IAB2V2_1">Las cookies, los identificadores de dispositivos o los identificadores online de similares características (p. ej., los identificadores basados en inicio de sesión, los identificadores asignados aleatoriamente, los identificadores basados en la red), junto con otra información (p. ej., la información y el tipo del navegador, el idioma, el tamaño de la pantalla, las tecnologías compatibles, etc.), pueden almacenarse o leerse en tu dispositivo a fin de reconocerlo siempre que se conecte a una aplicación o a una página web para una o varias de los finalidades que se recogen en el presente texto.</p><div class="ot-vlst-cntr"><button class="ot-link-btn category-vendors-list-handler" aria-label="El botón Detalles del proveedor de la IAB abre el menú Lista de proveedores" data-parent-id="IAB2V2_1">Lista de proveedores IAB‎</button><button class="ot-link-btn ot-pgph-link" aria-label="Ver ilustraciones" data-parent-id="IAB2V2_1">&nbsp;|&nbsp;Ver ilustraciones&nbsp;</button></div></div></div><div class="ot-accordion-layout ot-cat-item ot-vs-config" data-optanongroupid="V2STACK42"><button aria-expanded="false" ot-accordion="true" aria-controls="ot-desc-id-V2STACK42" aria-labelledby="ot-header-id-V2STACK42 ot-status-id-V2STACK42"></button><!-- Accordion header --><div class="ot-acc-hdr"><div class="ot-plus-minus"><span></span><span></span></div><h4 class="ot-cat-header" id="ot-header-id-V2STACK42">Publicidad y contenido personalizados, medición de publicidad y contenido, investigación de audiencia y desarrollo de servicios
<span class="ot-pur-vdr-count"> 3 proveedores pueden usar este propósito </span></h4><div class="ot-tgl"><input type="checkbox" name="ot-group-id-V2STACK42" id="ot-group-id-V2STACK42" role="switch" class="category-switch-handler" data-optanongroupid="V2STACK42" aria-labelledby="ot-header-id-V2STACK42"> <label class="ot-switch" for="ot-group-id-V2STACK42"><span class="ot-switch-nob" aria-checked="false" role="switch" aria-label="Publicidad y contenido personalizados, medición de publicidad y contenido, investigación de audiencia y desarrollo de servicios
"></span> <span class="ot-label-txt">Publicidad y contenido personalizados, medición de publicidad y contenido, investigación de audiencia y desarrollo de servicios
</span></label> </div></div><!-- accordion detail --><div class="ot-acc-grpcntr ot-acc-txt"><div class="ot-subgrp-cntr"><ul class="ot-subgrps"><li class="ot-subgrp" data-optanongroupid="IAB2V2_2"><h5>Uso de datos limitados para seleccionar anuncios básicos<span class="ot-pur-vdr-count"> 3 proveedores pueden usar este propósito </span></h5><div class="ot-tgl-cntr ot-subgrp-tgl"><div class="ot-tgl"><input type="checkbox" name="switch" id="ot-sub-group-id-IAB2V2_2" role="switch" data-optanongroupid="IAB2V2_2" class="cookie-subgroup-handler" aria-label="Uso de datos limitados para seleccionar anuncios básicos"> <label class="ot-switch" for="ot-sub-group-id-IAB2V2_2"><span class="ot-switch-nob" aria-checked="false" role="switch"></span> <span class="ot-label-txt">Switch Label</span></label> </div></div><p class="ot-subgrp-desc">La publicidad que se presenta en este servicio puede basarse en datos limitados, tales como la página web o la aplicación que esté utilizando, tu ubicación no precisa, el tipo de dispositivo o el contenido con el que está interactuando (o con el que ha interactuado) (por ejemplo, para limitar el número de veces que se  presenta un anuncio concreto).</p><button class="ot-link-btn ot-pgph-link ot-pgph-link-subgroup" aria-label="Ver ilustraciones" data-parent-id="IAB2V2_2">Ver ilustraciones&nbsp;</button><div class="ot-leg-btn-container" data-group-id="IAB2V2_2" data-el-id="IAB2V2_2-leg-out" is-vendor="false">
                    <button class="ot-obj-leg-btn-handler ot-active-leg-btn">
                        <svg xmlns="http://www.w3.org/2000/svg" xmlns:xlink="http://www.w3.org/1999/xlink" x="0px" y="0px" viewBox="0 0 512 512">
                            <path fill="#FFFFFF" d="M173.898 439.404l-166.4-166.4c-9.997-9.997-9.997-26.206 0-36.204l36.203-36.204c9.997-9.998 26.207-9.998 36.204 0L192 312.69 432.095 72.596c9.997-9.997 26.207-9.997 36.204 0l36.203 36.204c9.997 9.997 9.997 26.206 0 36.204l-294.4 294.401c-9.998 9.997-26.207 9.997-36.204-.001z"></path>
                        </svg>
                        <span>Objeción Aplicada
                        </span>
                    </button>
                    <button class="ot-remove-objection-handler" data-style="color:#c8030f; " style="color:#c8030f;">
                        Retirar la objeción
                    </button>
                </div></li></ul></div><div class="ot-subgrp-cntr"><ul class="ot-subgrps"><li class="ot-subgrp" data-optanongroupid="IAB2V2_3"><h5>Crear perfiles para publicidad personalizada
<span class="ot-pur-vdr-count"> 3 proveedores pueden usar este propósito </span></h5><div class="ot-tgl-cntr ot-subgrp-tgl"><div class="ot-tgl"><input type="checkbox" name="switch" id="ot-sub-group-id-IAB2V2_3" role="switch" data-optanongroupid="IAB2V2_3" class="cookie-subgroup-handler" aria-label="Crear perfiles para publicidad personalizada
"> <label class="ot-switch" for="ot-sub-group-id-IAB2V2_3"><span class="ot-switch-nob" aria-checked="false" role="switch"></span> <span class="ot-label-txt">Switch Label</span></label> </div></div><p class="ot-subgrp-desc">La información sobre tu actividad en este servicio (por ejemplo, los formularios que rellenes, el contenido que estás consumiendo) puede almacenarse y combinarse con otra información que se tenga sobre tu persona o sobre usuarios similares(por ejemplo, información sobre tu actividad previa en este servicio y en otras páginas web o aplicaciones). Posteriormente, esto se utilizará para crear o mejorar un perfil sobre tu persona (que podría incluir posibles intereses y aspectos personales). Tu perfil puede utilizarse (también en un momento posterior) para mostrarte publicidad que pueda parecerte más relevante en función de tus posibles intereses, ya sea por parte nuestra o de terceros.</p><button class="ot-link-btn ot-pgph-link ot-pgph-link-subgroup" aria-label="Ver ilustraciones" data-parent-id="IAB2V2_3">Ver ilustraciones&nbsp;</button></li></ul></div><div class="ot-subgrp-cntr"><ul class="ot-subgrps"><li class="ot-subgrp" data-optanongroupid="IAB2V2_4"><h5>Utilizar perfiles para seleccionar la publicidad personalizada
<span class="ot-pur-vdr-count"> 3 proveedores pueden usar este propósito </span></h5><div class="ot-tgl-cntr ot-subgrp-tgl"><div class="ot-tgl"><input type="checkbox" name="switch" id="ot-sub-group-id-IAB2V2_4" role="switch" data-optanongroupid="IAB2V2_4" class="cookie-subgroup-handler" aria-label="Utilizar perfiles para seleccionar la publicidad personalizada
"> <label class="ot-switch" for="ot-sub-group-id-IAB2V2_4"><span class="ot-switch-nob" aria-checked="false" role="switch"></span> <span class="ot-label-txt">Switch Label</span></label> </div></div><p class="ot-subgrp-desc">La publicidad presentada en este servicio puede basarse en tus perfiles publicitarios, que pueden reflejar tuactividad en este servicio, en otras páginas web o aplicaciones (tales como los formularios con los que interactuas o el contenido que visualizas), tus posibles intereses y los aspectos personales.

</p><button class="ot-link-btn ot-pgph-link ot-pgph-link-subgroup" aria-label="Ver ilustraciones" data-parent-id="IAB2V2_4">Ver ilustraciones&nbsp;</button></li></ul></div><div class="ot-subgrp-cntr"><ul class="ot-subgrps"><li class="ot-subgrp" data-optanongroupid="IAB2V2_7"><h5>Medir el rendimiento de la publicidad<span class="ot-pur-vdr-count"> 3 proveedores pueden usar este propósito </span></h5><div class="ot-tgl-cntr ot-subgrp-tgl"><div class="ot-tgl"><input type="checkbox" name="switch" id="ot-sub-group-id-IAB2V2_7" role="switch" data-optanongroupid="IAB2V2_7" class="cookie-subgroup-handler" aria-label="Medir el rendimiento de la publicidad"> <label class="ot-switch" for="ot-sub-group-id-IAB2V2_7"><span class="ot-switch-nob" aria-checked="false" role="switch"></span> <span class="ot-label-txt">Switch Label</span></label> </div></div><p class="ot-subgrp-desc">La información sobre qué publicidad se te presenta y sobre la forma en que interactúas con ella puede utilizarse para determinar lo bien que ha funcionado un anuncio en tu caso o en el de otros usuarios y si se han alcanzado los objetivos publicitarios. Por ejemplo, si has visualizado un anuncio, si has hecho clic sobre el mismo, si eso te ha llevado posteriormente a comprar un producto o a visitar una página web, etc. Esto resulta muy útil para comprender la relevancia de las campañas publicitarias.</p><button class="ot-link-btn ot-pgph-link ot-pgph-link-subgroup" aria-label="Ver ilustraciones" data-parent-id="IAB2V2_7">Ver ilustraciones&nbsp;</button><div class="ot-leg-btn-container" data-group-id="IAB2V2_7" data-el-id="IAB2V2_7-leg-out" is-vendor="false">
                    <button class="ot-obj-leg-btn-handler ot-active-leg-btn">
                        <svg xmlns="http://www.w3.org/2000/svg" xmlns:xlink="http://www.w3.org/1999/xlink" x="0px" y="0px" viewBox="0 0 512 512">
                            <path fill="#FFFFFF" d="M173.898 439.404l-166.4-166.4c-9.997-9.997-9.997-26.206 0-36.204l36.203-36.204c9.997-9.998 26.207-9.998 36.204 0L192 312.69 432.095 72.596c9.997-9.997 26.207-9.997 36.204 0l36.203 36.204c9.997 9.997 9.997 26.206 0 36.204l-294.4 294.401c-9.998 9.997-26.207 9.997-36.204-.001z"></path>
                        </svg>
                        <span>Objeción Aplicada
                        </span>
                    </button>
                    <button class="ot-remove-objection-handler" data-style="color:#c8030f; " style="color:#c8030f;">
                        Retirar la objeción
                    </button>
                </div></li></ul></div><div class="ot-subgrp-cntr"><ul class="ot-subgrps"><li class="ot-subgrp" data-optanongroupid="IAB2V2_8"><h5>Medir el rendimiento del contenido<span class="ot-pur-vdr-count"> 1 proveedores pueden usar este propósito </span></h5><div class="ot-tgl-cntr ot-subgrp-tgl"><div class="ot-tgl"><input type="checkbox" name="switch" id="ot-sub-group-id-IAB2V2_8" role="switch" data-optanongroupid="IAB2V2_8" class="cookie-subgroup-handler" aria-label="Medir el rendimiento del contenido"> <label class="ot-switch" for="ot-sub-group-id-IAB2V2_8"><span class="ot-switch-nob" aria-checked="false" role="switch"></span> <span class="ot-label-txt">Switch Label</span></label> </div></div><p class="ot-subgrp-desc">La información sobre qué contenido se te presenta y sobre la forma en que interactúas con él puede utilizarse para determinar, por ejemplo, si el contenido (no publicitario) ha llegado a su público previsto y ha coincidido con sus intereses.  Por ejemplo, si hasleído un artículo, si has visualizado un vídeo, si has escuchado un “pódcast” o si has consultado la descripción de un producto, cuánto tiempo has pasado en esos servicios y en las páginas web que has visitado, etc. Esto resulta muy útil para comprender la relevancia del contenido (no publicitario) que se te muestra.</p><button class="ot-link-btn ot-pgph-link ot-pgph-link-subgroup" aria-label="Ver ilustraciones" data-parent-id="IAB2V2_8">Ver ilustraciones&nbsp;</button><div class="ot-leg-btn-container" data-group-id="IAB2V2_8" data-el-id="IAB2V2_8-leg-out" is-vendor="false">
                    <button class="ot-obj-leg-btn-handler ot-active-leg-btn">
                        <svg xmlns="http://www.w3.org/2000/svg" xmlns:xlink="http://www.w3.org/1999/xlink" x="0px" y="0px" viewBox="0 0 512 512">
                            <path fill="#FFFFFF" d="M173.898 439.404l-166.4-166.4c-9.997-9.997-9.997-26.206 0-36.204l36.203-36.204c9.997-9.998 26.207-9.998 36.204 0L192 312.69 432.095 72.596c9.997-9.997 26.207-9.997 36.204 0l36.203 36.204c9.997 9.997 9.997 26.206 0 36.204l-294.4 294.401c-9.998 9.997-26.207 9.997-36.204-.001z"></path>
                        </svg>
                        <span>Objeción Aplicada
                        </span>
                    </button>
                    <button class="ot-remove-objection-handler" data-style="color:#c8030f; " style="color:#c8030f;">
                        Retirar la objeción
                    </button>
                </div></li></ul></div><div class="ot-subgrp-cntr"><ul class="ot-subgrps"><li class="ot-subgrp" data-optanongroupid="IAB2V2_9"><h5>Comprender al público a través de estadísticas o a través de la combinación de datos procedentes de diferentes fuentes<span class="ot-pur-vdr-count"> 3 proveedores pueden usar este propósito </span></h5><div class="ot-tgl-cntr ot-subgrp-tgl"><div class="ot-tgl"><input type="checkbox" name="switch" id="ot-sub-group-id-IAB2V2_9" role="switch" data-optanongroupid="IAB2V2_9" class="cookie-subgroup-handler" aria-label="Comprender al público a través de estadísticas o a través de la combinación de datos procedentes de diferentes fuentes"> <label class="ot-switch" for="ot-sub-group-id-IAB2V2_9"><span class="ot-switch-nob" aria-checked="false" role="switch"></span> <span class="ot-label-txt">Switch Label</span></label> </div></div><p class="ot-subgrp-desc">Se pueden generar informes basados en la combinación de conjuntos de datos (como perfiles de usuario, estadísticas, estudios de mercado, datos analíticos) respecto a tus interacciones y las de otros usuarios con el contenido publicitario (o no publicitario) para identificar las características comunes (por ejemplo, para determinar qué público objetivo es más receptivo a una campaña publicitaria o a ciertos contenidos).

</p><button class="ot-link-btn ot-pgph-link ot-pgph-link-subgroup" aria-label="Ver ilustraciones" data-parent-id="IAB2V2_9">Ver ilustraciones&nbsp;</button><div class="ot-leg-btn-container" data-group-id="IAB2V2_9" data-el-id="IAB2V2_9-leg-out" is-vendor="false">
                    <button class="ot-obj-leg-btn-handler ot-active-leg-btn">
                        <svg xmlns="http://www.w3.org/2000/svg" xmlns:xlink="http://www.w3.org/1999/xlink" x="0px" y="0px" viewBox="0 0 512 512">
                            <path fill="#FFFFFF" d="M173.898 439.404l-166.4-166.4c-9.997-9.997-9.997-26.206 0-36.204l36.203-36.204c9.997-9.998 26.207-9.998 36.204 0L192 312.69 432.095 72.596c9.997-9.997 26.207-9.997 36.204 0l36.203 36.204c9.997 9.997 9.997 26.206 0 36.204l-294.4 294.401c-9.998 9.997-26.207 9.997-36.204-.001z"></path>
                        </svg>
                        <span>Objeción Aplicada
                        </span>
                    </button>
                    <button class="ot-remove-objection-handler" data-style="color:#c8030f; " style="color:#c8030f;">
                        Retirar la objeción
                    </button>
                </div></li></ul></div><div class="ot-subgrp-cntr"><ul class="ot-subgrps"><li class="ot-subgrp" data-optanongroupid="IAB2V2_10"><h5>Desarrollo y mejora de los servicios<span class="ot-pur-vdr-count"> 3 proveedores pueden usar este propósito </span></h5><div class="ot-tgl-cntr ot-subgrp-tgl"><div class="ot-tgl"><input type="checkbox" name="switch" id="ot-sub-group-id-IAB2V2_10" role="switch" data-optanongroupid="IAB2V2_10" class="cookie-subgroup-handler" aria-label="Desarrollo y mejora de los servicios"> <label class="ot-switch" for="ot-sub-group-id-IAB2V2_10"><span class="ot-switch-nob" aria-checked="false" role="switch"></span> <span class="ot-label-txt">Switch Label</span></label> </div></div><p class="ot-subgrp-desc">La información sobre tu actividad en este servicio, como tu interacción con los anuncios o con el contenido, puede resultar muy útil para mejorar productos y  servicios, así como para crear otros nuevos en base a las interacciones de los usuarios, el tipo de audiencia, etc. Esta finalidad específica no incluye el desarrollo ni la mejora de los perfiles de usuario y de identificadores.</p><button class="ot-link-btn ot-pgph-link ot-pgph-link-subgroup" aria-label="Ver ilustraciones" data-parent-id="IAB2V2_10">Ver ilustraciones&nbsp;</button><div class="ot-leg-btn-container" data-group-id="IAB2V2_10" data-el-id="IAB2V2_10-leg-out" is-vendor="false">
                    <button class="ot-obj-leg-btn-handler ot-active-leg-btn">
                        <svg xmlns="http://www.w3.org/2000/svg" xmlns:xlink="http://www.w3.org/1999/xlink" x="0px" y="0px" viewBox="0 0 512 512">
                            <path fill="#FFFFFF" d="M173.898 439.404l-166.4-166.4c-9.997-9.997-9.997-26.206 0-36.204l36.203-36.204c9.997-9.998 26.207-9.998 36.204 0L192 312.69 432.095 72.596c9.997-9.997 26.207-9.997 36.204 0l36.203 36.204c9.997 9.997 9.997 26.206 0 36.204l-294.4 294.401c-9.998 9.997-26.207 9.997-36.204-.001z"></path>
                        </svg>
                        <span>Objeción Aplicada
                        </span>
                    </button>
                    <button class="ot-remove-objection-handler" data-style="color:#c8030f; " style="color:#c8030f;">
                        Retirar la objeción
                    </button>
                </div></li></ul></div><div class="ot-vlst-cntr"><button class="ot-link-btn category-vendors-list-handler" aria-label="El botón Detalles del proveedor de la IAB abre el menú Lista de proveedores" data-parent-id="V2STACK42">Lista de proveedores IAB‎</button></div></div></div><!-- Groups sections starts --><!-- Group section ends --><!-- Accordion Group section starts --><!-- Accordion Group section ends --></section></div><section id="ot-pc-lst" class="ot-hide ot-hosts-ui ot-pc-scrollbar"><div id="ot-pc-hdr"><div id="ot-lst-title"><button class="ot-link-btn back-btn-handler" aria-label="Back"><svg id="ot-back-arw" xmlns="http://www.w3.org/2000/svg" xmlns:xlink="http://www.w3.org/1999/xlink" x="0px" y="0px" viewBox="0 0 444.531 444.531" xml:space="preserve"><title>Back Button</title><g><path fill="#656565" d="M213.13,222.409L351.88,83.653c7.05-7.043,10.567-15.657,10.567-25.841c0-10.183-3.518-18.793-10.567-25.835
                    l-21.409-21.416C323.432,3.521,314.817,0,304.637,0s-18.791,3.521-25.841,10.561L92.649,196.425
                    c-7.044,7.043-10.566,15.656-10.566,25.841s3.521,18.791,10.566,25.837l186.146,185.864c7.05,7.043,15.66,10.564,25.841,10.564
                    s18.795-3.521,25.834-10.564l21.409-21.412c7.05-7.039,10.567-15.604,10.567-25.697c0-10.085-3.518-18.746-10.567-25.978
                    L213.13,222.409z"></path></g></svg></button><h3>Lista de cookies</h3></div><div class="ot-lst-subhdr"><div class="ot-search-cntr"><p role="status" class="ot-scrn-rdr"></p><input id="vendor-search-handler" type="text" name="vendor-search-handler" placeholder="Buscar..." aria-label="Búsqueda en la lista de cookies"> <svg xmlns="http://www.w3.org/2000/svg" xmlns:xlink="http://www.w3.org/1999/xlink" x="0px" y="0px" viewBox="0 -30 110 110" aria-hidden="true"><title>Search Icon</title><path fill="#2e3644" d="M55.146,51.887L41.588,37.786c3.486-4.144,5.396-9.358,5.396-14.786c0-12.682-10.318-23-23-23s-23,10.318-23,23
            s10.318,23,23,23c4.761,0,9.298-1.436,13.177-4.162l13.661,14.208c0.571,0.593,1.339,0.92,2.162,0.92
            c0.779,0,1.518-0.297,2.079-0.837C56.255,54.982,56.293,53.08,55.146,51.887z M23.984,6c9.374,0,17,7.626,17,17s-7.626,17-17,17
            s-17-7.626-17-17S14.61,6,23.984,6z"></path></svg></div><div class="ot-fltr-cntr"><button id="filter-btn-handler" aria-label="Filter" aria-haspopup="true"><svg role="presentation" aria-hidden="true" xmlns="http://www.w3.org/2000/svg" xmlns:xlink="http://www.w3.org/1999/xlink" x="0px" y="0px" viewBox="0 0 402.577 402.577" xml:space="preserve"><title>Filter Icon</title><g><path fill="#fff" d="M400.858,11.427c-3.241-7.421-8.85-11.132-16.854-11.136H18.564c-7.993,0-13.61,3.715-16.846,11.136
      c-3.234,7.801-1.903,14.467,3.999,19.985l140.757,140.753v138.755c0,4.955,1.809,9.232,5.424,12.854l73.085,73.083
      c3.429,3.614,7.71,5.428,12.851,5.428c2.282,0,4.66-0.479,7.135-1.43c7.426-3.238,11.14-8.851,11.14-16.845V172.166L396.861,31.413
      C402.765,25.895,404.093,19.231,400.858,11.427z"></path></g></svg></button></div><div id="ot-anchor"></div><section id="ot-fltr-modal"><div id="ot-fltr-cnt"><button id="clear-filters-handler">Clear</button><div class="ot-fltr-scrlcnt ot-pc-scrollbar"><div class="ot-fltr-opts"><div class="ot-fltr-opt"><div class="ot-chkbox"><input id="chkbox-id" type="checkbox" class="category-filter-handler"> <label for="chkbox-id"><span class="ot-label-txt">checkbox label</span></label> <span class="ot-label-status">label</span></div></div></div><div class="ot-fltr-btns"><button id="filter-apply-handler">Apply</button> <button id="filter-cancel-handler">Cancel</button></div></div></div></section></div></div><section id="ot-lst-cnt" class="ot-host-cnt ot-pc-scrollbar"><div id="ot-sel-blk"><div class="ot-sel-all"><div class="ot-sel-all-hdr"><span class="ot-consent-hdr">Consent</span> <span class="ot-li-hdr">Leg.Interest</span></div><div class="ot-sel-all-chkbox"><div class="ot-chkbox" id="ot-selall-hostcntr"><input id="select-all-hosts-groups-handler" type="checkbox"> <label for="select-all-hosts-groups-handler"><span class="ot-label-txt">checkbox label</span></label> <span class="ot-label-status">label</span></div><div class="ot-chkbox" id="ot-selall-vencntr"><input id="select-all-vendor-groups-handler" type="checkbox"> <label for="select-all-vendor-groups-handler"><span class="ot-label-txt">checkbox label</span></label> <span class="ot-label-status">label</span></div><div class="ot-chkbox" id="ot-selall-licntr"><input id="select-all-vendor-leg-handler" type="checkbox"> <label for="select-all-vendor-leg-handler"><span class="ot-label-txt">checkbox label</span></label> <span class="ot-label-status">label</span></div></div></div></div><div class="ot-sdk-row"><div class="ot-sdk-column"><ul id="ot-host-lst"></ul><ul id="ot-ven-lst"></ul></div></div></section></section><div class="ot-pc-footer"><div class="ot-btn-container"><button class="ot-pc-refuse-all-handler">Rechazarlas todas</button> <button class="save-preference-btn-handler onetrust-close-btn-handler">Confirmar mis preferencias</button></div><!-- Footer logo --><div class="ot-pc-footer-logo"><a href="https://www.onetrust.com/products/cookie-consent/" target="_blank" rel="noopener noreferrer" aria-label="Powered by OneTrust Se abre en una nueva pestaña"><img alt="Powered by Onetrust" src="./dia_main_files/powered_by_logo.svg" title="Powered by OneTrust Se abre en una nueva pestaña"></a></div></div><!-- Cookie subgroup container --><!-- Vendor list link --><!-- Cookie lost link --><!-- Toggle HTML element --><!-- Checkbox HTML --><!-- plus minus--><!-- Arrow SVG element --><!-- Accordion basic element --><span class="ot-scrn-rdr" aria-atomic="true" aria-live="polite"></span><!-- Vendor Service container and item template --></div><iframe class="ot-text-resize" sandbox="allow-same-origin" title="onetrust-text-resize" style="position: absolute; top: -50000px; width: 100em;" aria-hidden="true" src="./dia_main_files/saved_resource(1).html"></iframe></div><div id="ot-sdk-btn-floating" title="Gestionar las preferencias" class="ot-floating-button"><div class="ot-floating-button__front custom-persistent-icon"><button type="button" class="ot-floating-button__open" aria-label="Abrir preferencias"></button></div><div class="ot-floating-button__back custom-persistent-icon"><button type="button" class="ot-floating-button__close" aria-label="Cerrar preferencias" aria-hidden="true" style="display: none;"><!--?xml version="1.0" encoding="UTF-8"?--> <svg role="presentation" tabindex="-1" viewBox="0 0 24 24" version="1.1" xmlns="http://www.w3.org/2000/svg"><g id="Page-1" stroke="none" stroke-width="1" fill="none" fill-rule="evenodd"><g id="Banner_02" class="ot-floating-button__svg-fill" transform="translate(-318.000000, -725.000000)" fill="#ffffff" fill-rule="nonzero"><g id="Group-2" transform="translate(305.000000, 712.000000)"><g id="icon/16px/white/close"><polygon id="Line1" points="13.3333333 14.9176256 35.0823744 36.6666667 36.6666667 35.0823744 14.9176256 13.3333333"></polygon><polygon id="Line2" transform="translate(25.000000, 25.000000) scale(-1, 1) translate(-25.000000, -25.000000) " points="13.3333333 14.9176256 35.0823744 36.6666667 36.6666667 35.0823744 14.9176256 13.3333333"></polygon></g></g></g></g></svg></button></div></div></div></body><div class="inspiringbenefits-wrapper"><template shadowrootmode="open">
      <style>@import url("chrome-extension://ldfdohgfoolmacfbdekmbpoofhahcfgg/content/styles.css");</style>
      <!----></template></div></html>